3182 5136
325 333 387 395 222
757 367 811 378 --
848 332 930 413 [coe]
977 366 1025 377 -

325 525 518 606 χαρακτῆρα
541 525 661 584 τοῦτον
684 512 877 600 ἀποδίδωμι
906 511 997 602 αύτῆι
1025 517 1084 583 τὸν
1113 517 1148 597 έξ
1175 513 1310 606 άπάσῆς
1341 517 1460 602 μικτὸν

325 622 428 712 ἰδέας.
474 623 581 688 Verba
604 619 743 706 ἐγὼμὲν
766 621 794 687 si
810 620 925 686 mendo
940 629 1059 700 carent,
1086 621 1278 687 contrarium
1295 624 1460 706 postulant

325 725 422 791 veluti
446 723 482 789 oi
506 719 537 789 δ’
557 719 669 804 ἄλλοις
704 745 774 790 cum
804 731 908 790 autem
939 724 1113 808 Dionysius
1141 734 1254 808 pergat
1283 725 1323 789 Εἰ
1354 725 1392 790 δὲ
1421 723 1460 788 τὰ

324 826 539 916 προσήκοντα
562 827 701 912 ἐ’γνωκα,
729 848 792 892 222
813 835 899 892 recte
914 847 953 893 ea
968 827 1033 910 legi
1049 827 1197 892 efficitur.
1245 828 1343 910 Atqui
1359 849 1460 894 enun-

324 933 435 998 tiatum
459 931 543 1016 quod
566 930 723 1014 adscripsi
742 931 975 996 conclusionem
992 931 1247 1014 continet;·lego
1269 932 1369 1014 igitur
1381 926 1461 1016 Ἐγὼ

324 1034 387 1116 μὲν
402 1031 482 1122 (δὴ)
498 1031 656 1120 τοιαύτην
671 1034 753 1115 κτλ,
778 1033 863 1098 idem
878 1033 1025 1118 Dionysii
1042 1035 1271 1099 consuetudine
1285 1035 1458 1118 probante;

324 1137 366 1204 cf.
391 1158 420 1203 e.
446 1159 478 1221 g.
504 1158 536 1221 p.
556 1141 647 1201 91922
675 1135 738 1221 έγῶ
767 1136 829 1218 μὲν
859 1134 897 1222 δῆ
928 1133 983 1200 διὰ
1013 1134 1138 1212 ταύτας
1168 1135 1228 1212 τὰς
1259 1136 1371 1214 αἰτίας
1403 1132 1459 1202 ούκ

326 1240 455 1306 έπαινῶ
476 1238 535 1304 τὸν
557 1237 658 1323 λόγον
685 1247 816 1304 τοῦτον.
863 1243 954 1304 49622
987 1245 1148 1315 Τοιούτος
1177 1239 1240 1321 μὲν
1263 1237 1302 1327 δῆ
1328 1234 1459 1305 ἐστινὸ

325 1349 461 1410 Λυσίου
493 1341 680 1429 χαρακτὴρ,
719 1336 762 1418 ῶς
793 1340 856 1426 ἐγὼ
886 1339 985 1430 δύξῆς
1014 1341 1078 1424 ἐ’χω
1108 1344 1189 1429 περὶ
1219 1338 1336 1410 αύτοῶ.
1384 1347 1458 1409 7862

326 1455 477 1523 τοιοῦτος
505 1447 568 1528 μὲν
597 1444 636 1533 δῆ
660 1469 710 1522 τις
734 1439 751 1510 d
774 1445 1009 1530 πραγματικὸς
1034 1445 1246 1530 Θεοπόμπου
1274 1446 1457 1536 χαρακτήρ.

327 1556 402 1618 8222
426 1550 646 1637 πρῶτονμὲν
669 1545 707 1636 δῆ
731 1547 817 1614 κατὰ
847 1557 946 1614 τούτο
977 1547 1130 1637 διήλλαξε
1161 1557 1227 1615 τῶν
1256 1548 1324 1635 πρὸ
1356 1545 1460 1617 αύτοῖι

325 1659 558 1742 συγγραφέων.
1222 1654 1225 1660 ’

411 1781 443 1844 p.
463 1762 568 1822 976222
592 1756 631 1821 Et
647 1757 683 1822 δὲ
702 1754 743 1850 τὰ
759 1754 974 1844 προσήκοντα
991 1755 1129 1841 έγνωκα,
1157 1755 1303 1842 πάρεστι
1319 1765 1365 1842 τῆν
1380 1762 1461 1840 βου-

326 1867 456 1947 λομένῳ
480 1873 622 1926 σκοπεῖν
645 1855 701 1925 ε’π)
726 1854 836 1926 αὐτῶν
858 1865 1073 1942 ποιουμένων
1096 1868 1162 1926 τῶν
1182 1863 1299 1926 lacuna
1325 1868 1356 1925 11
1370 1865 1461 1926 —12

326 1969 386 2033 litt.
412 1963 529 2048 μάτων
550 1963 611 2052 τῆν
638 1963 790 2043 ἐξέτασιν
811 1965 854 2028 Μ.
901 1961 1029 2048 Λόγων
1058 1965 1143 2046 quod
1172 1967 1367 2050 το1ςομοεῖ
1397 1973 1462 2030 τῶν

326 2071 452 2154 legitur,
479 2069 553 2134 vilis
570 2069 677 2134 nescio
693 2068 784 2133 cuius
799 2067 981 2133 coniectura
998 2076 1057 2132 est.
1098 2068 1225 2134 Codicis
1241 2069 1363 2134 hiatum
1379 2069 1462 2136 huno

326 2176 360 2240 in
382 2175 512 2238 modum
535 2172 745 2257 expleverim:
779 2168 924 2255 πάρεστι
946 2177 992 2256 τῆν
1014 2173 1221 2255 βουλομένῳΙ
1241 2185 1384 2238 σκοπεῖν
1406 2169 1459 2238 ἐπ’

326 2272 436 2344 αὐτῶν
465 2279 658 2358 ποιουμένῳ
687 2277 777 2354 (corr.
803 2275 838 2354 R]
867 2281 933 2338 τῶν
953 2272 1270 2364 <παραδειγ>μάτων
1301 2275 1362 2364 τῆν
1392 2276 1462 2357 έξέ-

327 2403 435 2446 τασιν.
483 2379 602 2444 Similis
625 2385 674 2443 est
697 2384 856 2442 structura
878 2398 910 2461 p.
932 2383 1042 2444 100822
1070 2377 1100 2444 εἰ
1122 2373 1154 2443 δ’
1174 2373 1288 2464 ὀρθῶς
1312 2379 1463 2466 ἐπιλογί-

328 2483 429 2565 ζομαι
451 2475 547 2546 ταῦτ’
567 2477 631 2564 ἐγὼ
649 2531 655 2544 .
677 2530 683 2543 .
706 2530 712 2542 .
739 2477 884 2565 πάρεστι
899 2487 945 2566 τῷ
959 2483 1155 2566 βουλομένῳ
1173 2495 1315 2549 σκοπεῖν
1332 2483 1389 2548 ἐπὶ
1404 2492 1462 2571 τῆς

227 2647 229 2651 ,
327 2581 450 2672 ἀρτίως
472 2587 726 2670 παρατεθείσης
748 2583 869 2662 λέξειας
891 2590 1086 2670 ποιουμένῳ
1109 2583 1169 2672 τὴν
1193 2584 1355 2664 ἐξέτασιν.

412 2675 797 2774 petenissensis
819 2685 915 2772 παρὰ
944 2685 1004 2754 τὸν
1028 2689 1237 2755 Θουκυδίδου
1267 2698 1460 2778 χαρακτῆρα

326 2791 588 2858 κατεσκεύασται
622 2797 668 2876 τῷ
699 2787 813 2878 ῥήτορι
842 2795 896 2872 (ee.
921 2795 1147 2878 Δῆμοσθένεῆ
1180 2794 1297 2859 lacuna
1324 2799 1460 2859 19-20

326 2899 385 2964 litt.
426 2897 569 2960 Πολλῶν
584 2884 610 2959 ὦ
626 2889 744 2979 άνδρες
759 2889 938 2982 Ἀθηναῖοι
952 2896 995 2960 Μ.
1037 2896 1187 2962 Reiskius
1207 2897 1345 2964 lacunae
1366 2900 1459 2984 spatii

325 3001 453 3066 nescius
475 3000 556 3064 haec
578 2999 645 3064 1222
666 2999 799 3082 periisse
815 2999 1011 3084 suspicatur:
1037 2998 1167 3065 τούτοιν
1182 2999 1378 3088 παραθήσω
1395 3027 1460 3066 πα-

327 3104 533 3189 ραδείγματα
556 3093 602 3167 ὧν
625 3101 696 3167 έστι
718 3099 809 3167 τάδε·
835 3103 979 3168 Πολλῶν
1001 3104 1071 3167 κτλ.
1118 3104 1189 3187 Ego
1212 3105 1342 3186 quidem
1364 3108 1457 3172 verba

328 3204 506 3273 τοιαύτά
534 3203 629 3271 τινά
660 3204 774 3271 ἐστιν
803 3206 1004 3272 intercidisse
1028 3207 1214 3272 crediderim
1246 3209 1385 3276 maxime
1414 3211 1457 3274 eis

328 3311 435 3378 verbis
462 3310 593 3388 ductus,
628 3329 710 3392 quae
732 3309 907 3394 Dionysius
934 3311 1152 3396 quaestionem
1179 3311 1219 3375 de
1245 3311 1457 3378 Demosthene

327 3413 527 3498 Thucydidis
549 3402 707 3478 imitatore
729 3412 842 3478 finiens
866 3413 942 3479 dicit
963 3434 996 3498 p.
1011 3416 1118 3478 9831ss
1141 3420 1318 3479 τοιαῦτα
1341 3415 1403 3497 μὲν
1420 3412 1455 3502 δή

329 3515 421 3582 τινά
441 3515 550 3582 ἐστιν
572 3513 594 3580 ἃ
609 3513 705 3601 παρὰ
721 3512 780 3580 τὸν
794 3509 929 3602 ύψῆλὸν
945 3517 1002 3579 καὶ
1019 3513 1263 3600 ἐγκατάσκευον
1281 3567 1287 3579 .
1357 3541 1456 3602 χαρα-

328 3627 432 3706 κτῆρα
443 3623 462 3694 11
572 3619 780 3706 Θουκυδίδην
810 3617 870 3683 τὸν
897 3618 933 3684 έν
961 3613 1052 3704 αύτῷ
1074 3617 1318 3705 πρωτεύσαντα
1340 3619 1456 3706 μιμού-

328 3745 429 3805 μενος
459 3715 476 3785 ὃ
506 3724 732 3808 Δημοσθένης
761 3719 1015 3787 κατεσκεύακεν.
1070 3723 1119 3788 01.
1145 3729 1311 3807 praeterea
1334 3746 1365 3809 p.
1385 3726 1454 3789 9832

330 3824 369 3889 Ἅ
385 3823 421 3888 δὲ
436 3821 532 3908 παρὰ
547 3821 608 3890 τὸν
620 3821 736 3904 ἰσχνόν
750 3847 785 3888 τε
805 3825 861 3888 καὶ
879 3819 996 3912 άκριβῆ
1018 3876 1043 3889 ..
1059 3877 1065 3890 .
1084 3833 1278 3913 χαρακτῆρα
1296 3831 1349 3906 (se.
1365 3849 1455 3891 κατε·

330 3924 500 4009 σκεύακεν)
628 3932 821 3992 τοιαῦτα.
878 3932 973 3993 16062
1000 3922 1047 3994 ‘H
1073 3929 1136 4011 μέν
1165 3918 1225 3994 σύν
1249 3923 1454 4013 Ἰσοκράτους

329 4033 418 4112 λέξις
440 4024 458 4118 ῆ
484 4026 645 4094 κάλλιστα
672 4036 739 4096 τῶν
768 4026 879 4097 ἄλλων
902 4031 1047 4098 δοκούσα
1079 4031 1167 4113 ἔχειν
1197 4031 1373 4119 τοιαύτῆ
1401 4035 1452 4105 τίς

330 4171 535 4184 ...,-....--.--

400 4259 416 4320 t)
438 4257 596 4326 χαρακτῆρα
615 4255 708 4324 sylo:
728 4259 900 4328 χαρακτῆρος
918 4255 987 4312 MR.
