3224 5140
579 409 624 420 -
671 375 754 456 [aot]
801 411 845 420 -

597 656 732 738 caput
757 657 830 726 [H.

409 801 452 856 uc
470 763 790 879 lllonysli'exemplurl
809 801 1003 872 Thucydldlo.

231 940 430 1006 Posteriores
453 940 624 1024 scriptores
647 940 676 1004 si
690 939 818 1022 quando
832 946 974 1005 veterum
997 941 1084 1006 locos
1100 941 1283 1026 exscripse-

144 1048 227 1124 runt,
262 1042 353 1107 libris
377 1061 474 1127 saepe
497 1061 571 1107 usos
594 1061 666 1108 esse
689 1062 752 1107 nou
775 1043 874 1108 multo
897 1043 1081 1108 melioribus
1104 1063 1200 1125 quam
1227 1045 1283 1126 qui

145 1145 187 1210 ad
216 1141 360 1209 nostram
390 1165 490 1228 usque
520 1151 658 1234 aetatem
691 1146 861 1230 propagati
895 1152 1019 1226 esseut,
1056 1167 1281 1229 nonnunquam

145 1250 242 1314 etiam
273 1249 453 1333 peioribus,
487 1248 607 1313 dudum
636 1249 833 1314 intellectum
856 1255 916 1313 est.
964 1249 1028 1314 Sed
1051 1269 1091 1314 ex
1121 1249 1201 1333 ipsis
1232 1248 1283 1314 his

145 1353 234 1433 locis,
266 1353 380 1436 quales
403 1352 490 1436 apud
511 1352 704 1436 posteriores
727 1359 864 1432 exstant,
900 1353 1047 1434 quamvis
1070 1373 1190 1437 paucas
1213 1372 1283 1418 oer-

145 1462 194 1520 tas
225 1461 335 1519 tamen
365 1454 605 1520 emendationes
636 1454 811 1534 lucramur;
845 1475 919 1520 nam
943 1455 1003 1520 etsi
1033 1461 1098 1520 tam
1122 1461 1283 1521 auctorum

146 1579 240 1641 quam
266 1559 393 1623 testium
417 1558 490 1623 libri
513 1579 571 1642 per
593 1564 638 1622 tot
660 1559 871 1642 corruptionis
886 1559 1006 1641 gradus
1022 1559 1177 1643 plurimas
1193 1560 1284 1626 labes

146 1663 320 1742 traxerint,
354 1682 578 1744 nonnunquam
605 1668 713 1726 tamen
736 1662 859 1744 evenit,
892 1667 944 1742 ut,
980 1663 1119 1744 quaein
1142 1669 1283 1728 veterum

146 1766 310 1832 codicibus
327 1787 495 1850 perperam
512 1767 671 1849 legantur,
697 1766 731 1830 in
754 1766 964 1850 posteriorum
987 1773 1044 1830 aut
1065 1767 1192 1850 integra
1214 1785 1283 1831 ser-

147 1875 261 1935 ventur
276 1875 332 1934 aut
347 1869 392 1934 ita
407 1875 602 1954 comparata,
630 1875 665 1933 ut
679 1869 792 1933 vitium
815 1869 904 1934 facili
927 1868 1055 1954 negotio
1077 1868 1146 1933 tolli
1169 1869 1280 1953 possit.

148 1973 239 2051 Quod
270 1993 333 2055 quo
363 1971 493 2056 saepius
521 1971 573 2054 fit,
608 1992 646 2036 eo
669 1972 820 2037 maiorem
850 1971 943 2038 fidem
975 1973 1140 2055 exemplar
1162 1971 1285 2054 antiqui

149 2075 297 2155 auctoris,
324 2095 387 2157 quo
408 2074 569 2140 inferioris
592 2075 663 2140 aevi
690 2074 824 2158 scriptor
846 2093 923 2138 usus
946 2081 1011 2148 est,
1045 2074 1107 2138 sibi
1131 2073 1280 2153 vindicat,

149 2185 179 2242 et
206 2198 248 2243 ex
276 2177 405 2243 diverso
435 2177 552 2244 veteris
586 2177 750 2262 scriptoris
780 2177 880 2242 codex
913 2177 942 2241 is
972 2197 1107 2259 quocum
1145 2177 1283 2241 maxime
1323 2207 1324 2212 1

149 2280 229 2346 illud
259 2282 422 2364 congruit,
456 2282 692 2348 erecensionis
720 2287 893 2347 vetustate.
910 2301 1025 2346 novam
1055 2300 1282 2362 nonnunquam

150 2385 369 2451 auctoritatem
393 2385 516 2468 recipit.
1033 2374 1036 2380 ’

234 2491 272 2552 ln
307 2488 365 2553 tali
397 2489 584 2571 quaestione
617 2488 767 2570 quoniam
801 2488 1011 2572 posteriorum
1052 2495 1215 2554 auctorum
1254 2488 1284 2552 ci

151 2592 281 2656 maximi
304 2591 456 2657 momenti
479 2598 563 2674 sunt,
590 2593 763 2674 quiquam
786 2591 929 2676 proxime
945 2613 965 2656 a
979 2591 1140 2657 veteribus
1155 2591 1281 2672 absunt,

151 2696 189 2758 H.
216 2695 379 2778 Sauppius
402 2715 460 2760 suo
482 2696 551 2760 iure
574 2695 763 2780 Dionysium
786 2695 902 2778 elegit,
936 2700 971 2758 ut
997 2695 1100 2778 primo
1122 2693 1187 2759 iam
1209 2699 1285 2759 ante

152 2799 312 2864 Christum
334 2804 443 2862 natum
467 2799 595 2864 saeculo
618 2799 799 2864 Aristotelis
821 2799 920 2863 libros
943 2817 1044 2880 aeque
1072 2803 1169 2880 atque
1190 2796 1285 2862 hodie

151 2902 346 2985 depravatos
368 2899 469 2968 fuisse
492 2900 726 2967 demonstraret
734 2903 770 2986 ¹).

235 3007 305 3070 Hoc
327 3023 387 3088 ego
409 3005 469 3070 viri
492 3004 669 3070 doctissimi
699 3005 884 3088 exemplum
910 3009 1053 3084 secutus,
1087 3022 1158 3068 cum
1181 3003 1286 3067 Hero-

152 3107 243 3174 dotus
266 3107 475 3192 Thucydides
501 3109 659 3174 Isocrates
681 3109 771 3173 Plato
794 3105 1027 3172 Demosthenes
1057 3107 1169 3188 quales
1198 3105 1286 3189 apud

153 3211 343 3296 Dionysium
359 3212 519 3294 leguntur,
542 3212 680 3277 similem
696 3211 864 3276 materiam
880 3209 1067 3293 disputandi
1082 3210 1281 3294 praeberent,

153 3313 192 3379 de
207 3313 357 3399 Dionysii
372 3315 546 3398 exemplari
561 3313 767 3399 Thucydidio
779 3331 931 3396 quaerere
945 3313 1078 3394 institui,
1104 3333 1175 3377 cum
1190 3331 1286 3396 prae-

153 3418 260 3483 sertim
276 3417 318 3482 de
333 3416 532 3502 Thucydidis
554 3417 645 3482 libris
661 3417 806 3500 quaestio
829 3415 984 3482 adfinem
1007 3435 1107 3500 usque
1130 3415 1286 3500 perducta

153 3541 213 3585 non
232 3527 330 3587 esset.
378 3520 439 3586 Hic
460 3541 524 3585 non
539 3540 660 3600 vereor,
686 3539 727 3584 ne
749 3520 822 3602 quis
844 3526 965 3584 temere
987 3539 1039 3584 me
1053 3518 1159 3583 lacere
1182 3524 1282 3602 putet,

154 3624 236 3707 quod
259 3625 328 3688 solo
351 3622 418 3689 fere
441 3623 652 3688 Ambrosiano
674 3623 764 3688 nisus
786 3660 830 3670 —
857 3642 895 3687 eo
924 3621 1008 3686 enim
1031 3620 1161 3704 plurimi
1184 3619 1245 3686 loci
1268 3640 1286 3684 e

153 3727 341 3812 Thucydide
355 3727 478 3792 laudati
493 3726 693 3792 continentur
708 3763 751 3772 -
766 3725 848 3790 hanc
864 3724 1081 3806 quaestionem
1100 3723 1284 3808 suscipiam.

155 3831 385 3896 Ambrosianus
401 3829 485 3894 enim
499 3828 644 3894 familiae
660 3847 739 3894 suae
754 3828 892 3911 optimus
908 3833 957 3893 est
972 3827 1063 3892 testis
1084 3832 1116 3891 et
1131 3825 1288 3908 antiquis-

155 3933 268 4012 simus;
295 3952 389 4016 quem
412 3933 440 3998 si
459 3933 562 3997 solum
581 3931 781 4010 adhibemus,
808 3937 840 3996 et
855 3930 1029 4015 simplicior
1044 3930 1080 3994 fit
1094 3928 1162 3994 veri
1178 3927 1288 4012 cogni-

155 4037 196 4101 tio
218 4057 290 4114 nec‚
318 4035 345 4100 si
369 4035 494 4118 quando
517 4040 626 4100 contra
648 4055 720 4100 eum
744 4034 840 4099 ceteri
863 4033 935 4099 libri
950 4053 1063 4098 vemm
1077 4031 1283 4111 servaverint,

224 4211 241 4273 ¹)
262 4206 463 4273 ‚‚llachricbten
483 4207 532 4261 der
550 4206 754 4275 Kocniglicben
773 4203 961 4260 Gesellschalt
979 4204 1029 4258 der
1041 4203 1126 4257 Wiss.
1148 4219 1182 4256 uu
1201 4200 1288 4257 Goet-

155 4294 260 4363 tingen“
282 4296 347 4346 1863
366 4310 393 4362 p.
409 4295 482 4357 llss;
503 4292 539 4348 cf.
559 4310 587 4362 p.
602 4295 644 4344 46.
