3182 5136
577 400 620 409 -
668 363 751 444 [315]
799 401 842 408 -
1214 365 1270 427 rar

138 548 196 627 τάς
211 547 325 637 ταφὰς
340 555 494 632 νομίμων
509 555 608 615 τοῦτο
623 543 864 632 ὑπελάμβανεν
879 543 896 614 ὁ
915 544 997 638 άνηρ
1014 543 1113 616 εἶναι.
1149 551 1274 618 Deinde

139 676 156 720 e
179 655 293 720 Graeci
317 653 473 720 sermonis
496 673 583 719 more
606 653 747 737 corrigas
778 653 862 737 λέγω
891 651 993 718 δὲτὸ
1018 666 1180 739 παρεῖναι
1201 655 1271 718 κτλ.
1369 701 1373 710 »

137 757 279 823 Eandem
309 757 469 823 medelam
500 755 656 822 adhibeas
677 778 709 840 p.
731 761 841 822 106515
865 757 950 842 λέγω
982 757 1023 822 di
1047 755 1083 822 τὸ
1116 754 1276 844 περιττὸν

138 857 223 928 εἶναι
254 866 423 948 συνθέτην
457 855 635 943 ὀνομάτων
669 857 729 926 τὸν
758 863 998 949 Δημοσθένην.
1048 865 1158 955 110711
1188 863 1274 946 λέγω

138 966 179 1032 δὲ
213 973 279 1030 τιῖιν
316 970 505 1051 κρατίστων
538 988 573 1030 τε
607 965 664 1029 καλ
700 961 925 1051 κυριωτάτων.
985 965 1035 1032 01.
1072 966 1273 1050 Kruegerum

137 1091 169 1154 p.
188 1073 228 1134 89
253 1069 329 1134 adn.

222 1213 255 1276 p.
274 1193 400 1254 1029ras
425 1181 556 1254 Οὐκοῦν
569 1179 628 1253 οὐκ
642 1183 808 1273 ἀναγκαία
824 1185 973 1254 Πλάτων
987 1183 1045 1276 ἥδε
1061 1182 1080 1276 η
1093 1186 1273 1276 προσθήκη

137 1293 178 1356 Μ.
219 1291 460 1357 Nominativum
483 1288 631 1357 Πλάτων
653 1311 749 1358 sensu
772 1291 960 1358 destitutum
983 1311 1056 1358 esse
1078 1293 1187 1358 nesoio
1203 1292 1274 1374 quis

138 1397 219 1462 bene
243 1395 359 1476 sensit,
386 1416 458 1461 ourn
481 1391 643 1460 Πλάτωνι
664 1396 709 1478 (R)
737 1395 914 1462 exhiberet.
954 1395 997 1460 At
1018 1395 1099 1460 nihil
1120 1395 1180 1460 hac
1203 1417 1274 1460 rnu-

137 1499 257 1565 tatione
285 1497 484 1583 profioimus;
521 1519 625 1582 neque
649 1498 733 1564 enim
756 1499 864 1582 aptius
888 1484 939 1564 irio
962 1499 1029 1564 ulla
1056 1519 1194 1584 persona
1216 1519 1274 1565 no-

137 1602 287 1667 minatur.
334 1603 405 1667 Vox
427 1600 576 1667 Πλάτων
598 1621 648 1666 me
670 1601 775 1667 iudioe
799 1622 816 1666 e
840 1602 984 1684 margine
1012 1601 1154 1685 irrepsit,
1181 1603 1275 1686 idque

137 1726 173 1771 eo
196 1705 313 1771 certius
335 1704 387 1786 fit,
420 1705 505 1787 quod
534 1704 619 1770 idem
642 1705 844 1770 manifestius
868 1704 964 1770 etiam
986 1725 1019 1790 p.
1040 1709 1136 1771 10505
1160 1707 1276 1791 depre-

137 1807 298 1874 henditur.
346 1809 595 1880 Praecesserunt
617 1807 715 1873 verba
745 1807 963 1872 eMonexeno
991 1811 1030 1892 [p.
1051 1809 1270 1889 2460—2480‘,

138 1911 324 1996 desumpta;
357 1921 424 1976 turn
446 1909 527 1976 haoo
550 1909 741 1995 Dionysius:
776 1905 858 1998 αάτη
883 1911 975 1976 δοκεῖ
996 1907 1158 1976 κάλλιστα
1188 1910 1277 1992 έχειν

139 2011 288 2079 Πλάτων
310 2007 329 2100 ἡ
352 2015 441 2092 λέξις
465 2013 501 2079 έν
524 2013 631 2098 τούτῳ
656 2021 702 2099 τῷ
725 2011 831 2098 λόγῳ,
858 2015 912 2080 ubi
935 2035 1039 2098 neque
1061 2015 1275 2102 nominativus

138 2117 212 2183 ferri
243 2123 351 2202 potest
380 2121 411 2182 et
434 2117 575 2182 dativum
603 2117 819 2202 aSylburgio
848 2117 1062 2184 introductum
1091 2121 1187 2204 plane
1217 2120 1275 2184 ab·

139 2221 269 2288 surdum
304 2240 377 2286 esse
406 2221 510 2303 quivis
544 2220 639 2287 facile
673 2222 835 2287 concedet.
891 2221 1031 2305 Utroque
1066 2223 1135 2288 looo
1165 2243 1274 2290 voconr

138 2321 288 2389 Πλάτων
310 2324 557 2408 expungendam
581 2343 652 2390 esse
675 2344 802 2389 censeo.

224 2483 259 2546 p.
281 2463 406 2526 1030555
431 2461 470 2526 Ei
492 2461 529 2526 δὲ
552 2467 757 2547 χωρίσαντες
784 2469 883 2528 τοῦτο
912 2459 949 2527 τὸ
978 2464 1086 2551 κῶλον
1115 2457 1184 2527 ἀπὸ
1213 2469 1278 2526 τῶν

138 2569 406 2652 προηγουμένων
428 2559 511 2630 αὐτὸ
535 2559 620 2630 καθ’
639 2559 720 2630 αὐτὸ
746 2564 929 2648 ἐξοίσομεν,
958 2560 997 2632 οὐ
1019 2566 1179 2651 περίοδος
1199 2559 1279 2653 ἡμῖν

138 2667 316 2754 γενήσεται
338 2661 422 2732 καθ’
442 2665 541 2733 ἑαυτὸ
565 2665 748 2752 γενόμενον
771 2662 843 2734 οὔτ’
863 2657 950 2755 ἦθος
972 2664 1126 2756 ἢπάθος
1149 2667 1216 2747 ἕξει
1231 2665 1278 2750 μὰ

138 2776 207 2835 Δία
232 2765 302 2836 οὔτ’
331 2765 434 2857 άλλην
457 2769 572 2835 πειθὼ
593 2772 650 2836 καὶ
672 2771 772 2858 χάριν
795 2767 966 2854 οὐδεμίαν.
1013 2773 1074 2838 Pro
1098 2766 1138 2838 ori
1159 2776 1278 2855 περίο·

140 2875 196 2951 dog
219 2875 302 2940 ratio
321 2875 414 2940 dooet
429 2875 633 2940 scribendum
649 2895 721 2942 esse
745 2871 840 2940 οὔτε
864 2875 1034 2961 περίοδος.
1074 2871 1277 2957 Verba‘quae

139 3000 212 3044 mox
229 2985 406 3061 sequuntur
421 2972 503 3042 καθ’
523 2977 621 3044 ἑαυτὸ
639 2977 821 3063 γενόμενον
832 2979 988 3065 Dionysio
1003 2979 1161 3046 abiudico.
1194 2980 1277 3044 Nam

140 3081 337 3148 condicionis
359 3081 393 3146 in
416 3082 578 3148 enuntiato
600 3083 753 3166 primario
782 3104 846 3148 non
874 3082 1008 3149 ferenda
1035 3090 1085 3149 est
1115 3083 1274 3168 repetitio,

142 3191 236 3268 atque
260 3192 421 3251 structura
443 3183 671 3272 γενήσεται
693 3180 776 3250 καθ’
797 3183 895 3251 ἑαυτὸ
920 3183 1152 3272 γενόμενον
1173 3207 1237 3252 non
1259 3208 1279 3252 a

142 3287 278 3354 rhetoris
301 3287 414 3370 solutu,
442 3287 500 3354 sed
522 3309 542 3354 a
564 3287 706 3354 cuiusvis
729 3287 892 3374 scriptoris
909 3290 1116 3374 elegantioris
1139 3291 1278 3357 diotione

143 3391 302 3457 abhorret.

226 3531 259 3594 p.
280 3514 407 3576 10312ss
433 3507 575 3586 Τούτοις
604 3508 715 3577 ἐκεῖνα
747 3511 944 3598 ἐπιτίθησιν
973 3506 990 3576 ὁ
1016 3506 1110 3599 άνηρ·
1146 3511 1279 3599 „Adyqr

146 3611 181 3676 δὲ
197 3611 234 3700 a}
250 3610 311 3678 τὸν
326 3611 531 3695 λειπόμενον
546 3611 674 3696 κόσμον
689 3607 708 3680 ὅ
725 3639 759 3680 τε
775 3614 879 3698 νόμος
895 3612 1100 3701 προστάττει
1114 3615 1247 3694 τούτοις
1256 3621 1274 3702 ¹)

148 3708 335 3782 ἀποδοῦναι
358 3727 428 3792 τοῖς
445 3710 588 3803 άνδράσι
610 3719 667 3782 καὶ
681 3717 780 3806 χρηέί.
814 3716 851 3783 τὸ
878 3720 960 3799 ,μιαί
975 3718 1063 3807 χρη“
1089 3718 1195 3787 πάλιν
1216 3723 1276 3786 lac.

151 3821 270 3883 11-12
293 3819 353 3886 litt.
380 3823 535 3902 κείμενον
558 3819 616 3886 ἐπὶ
639 3823 793 3909 τελευτῆς
816 3826 907 3898 τίνος
930 3821 1027 3888 ἕνεκα
1050 3825 1280 3912 παρείληπται

150 3922 204 3983 καὶ
225 3921 279 3986 διὰ
302 3927 350 4003 τίς
381 3921 511 4009 πότερα
535 3929 750 4011 σαφεστέραν
772 3932 914 4012 ποιησαι
943 3923 1004 4013 την
1036 3928 1142 4005 λέξινς
1175 3928 1279 3992 Laeu-

151 4041 221 4095 narn
236 4029 408 4108 praeeunte
425 4027 607 4112 Sylburgio,
634 4027 689 4110 qui
713 4027 864 4094 ἐνταῦθα
879 4029 1053 4114 proposuit,
1079 4030 1125 4096 ita
1144 4031 1274 4113 expleo:

154 4179 348 4192 -ᾕ-

220 4282 225 4315 ¹
258 4278 382 4346 ίτοάτοις)
404 4282 447 4336 R:
469 4283 497 4337 in
516 4282 612 4338 Ambr.
633 4285 733 4339 lacuna
752 4288 831 4336 4-5
850 4286 903 4340 litt.
