3182 5136
322 367 381 428 nse
756 399 799 407 -
848 364 930 444 μοι]
978 399 1019 408 -

322 551 429 617 verbis
452 549 678 616 Demosthenis
700 551 818 616 virtute
845 557 969 634 agatur,
1002 552 1101 616 verba
1129 547 1190 636 τήν
1213 544 1338 636 ἀρετήν
1367 549 1470 614 latius

322 654 468 740 patentia
489 655 721 721 restrictionem
744 655 920 736 requirunt.
960 654 1151 738 EDionysii
1175 673 1262 718 more
1277 652 1464 736 scripserim

322 765 500 843 μαρτυρῶν
526 758 680 842 πολλαχῆ
696 754 886 845 (ταύτην)
910 753 970 844 τήν
1001 751 1122 843 άρετήν
1145 763 1191 840 τῷ
1214 755 1332 842 ῥήτορι
1361 753 1467 819 κατά-

323 860 422 947 δηλός
447 860 517 926 ἐστι
543 863 600 926 καὶ
632 860 748 947 ζηλῶν.
796 861 845 927 Os.
872 883 904 946 p.
924 863 1037 924 1106511
1067 854 1234 944 ἀγάμενος
1261 862 1317 944 (so.
1337 858 1468 940 Αἰσχί-

324 969 389 1050 νης)
419 959 459 1030 οό
482 971 540 1051 τῆς
570 963 707 1050 ἐκλογῆς
737 971 803 1029 τῶν
833 957 1010 1047 ὀνομάτων
1033 957 1153 1044 αὐτόν,
1190 950 1275 1026 ἀλλὰ
1297 969 1357 1048 τῆς
1386 984 1469 1028 συν-

324 1073 455 1144 θέσεως
479 1061 721 1153 ἀναμφιλόγως
748 1060 839 1152 αὐτῷ
861 1064 985 1153 ταότην
1007 1063 1270 1152 παρακεχώρηκε
1302 1061 1364 1151 τήν
1389 1058 1469 1150 ἄρε-

323 1168 393 1257 τήν.
437 1175 532 1236 10631
557 1164 707 1245 άπαντες
730 1168 793 1255 γὰρ
817 1159 855 1238 εὖ
877 1163 945 1234 οἶδ’
964 1163 1018 1234 ότι
1040 1166 1165 1255 ταύτην
1188 1163 1364 1256 αὐτῷτὴν
1389 1162 1469 1254 άρε-

323 1271 384 1359 τήν
414 1267 456 1338 άν
482 1270 742 1359 μαρτυρήσειαν.
793 1276 890 1338 tosus
913 1271 991 1338 δέον
1014 1269 1236 1350 ἐξετάζεσθαι
1258 1267 1319 1347 τὰς
1343 1265 1471 1356 άρετὰς

324 1375 458 1451 ταύτας.

408 1481 604 1564 ρ.1066υεε
638 1475 768 1544 Τούτου
791 1472 822 1541 δ’
841 1476 952 1553 αἰτίας
982 1475 1098 1560 οίομαι
1125 1481 1289 1562 γενέσθαι
1318 1473 1462 1553 πολλάς.

322 1589 457 1668 πρῶτον
479 1581 542 1664 μὲν
564 1579 625 1668 τήν
648 1577 790 1648 ἑκάστου
814 1579 944 1667 φύσιν.
966 1631 972 1644 .
994 1631 1001 1644 .
1027 1580 1188 1667 δευτέραν
1211 1581 1247 1646 δὲ
1270 1579 1331 1667 τήν
1355 1579 1392 1645 ἐκ
1408 1577 1468 1645 λό-

325 1710 386 1771 γου
408 1687 465 1752 καὶ
487 1690 719 1772 προαιρέσεως
743 1683 960 1772 ἐμφυομένην
982 1683 1086 1764 δόξαν
1111 1738 1117 1750 .
1138 1734 1175 1750 ..
1205 1688 1322 1771 τρίτην
1345 1684 1383 1750 δὲ
1407 1682 1471 1772 τήν

325 1789 360 1855 ἐκ
383 1793 568 1876 συνηθείας
590 1793 729 1875 χρονίου
751 1787 1088 1875 κατασκευαζομένην
1101 1783 1281 1875 ὑπόληψιν
1296 1782 1341 1865 ὡς
1357 1810 1469 1855 σπου-

323 1893 382 1980 δῆς
405 1887 509 1972 ἀξίων
525 1883 570 1958 ὧν
586 1887 628 1958 άν
643 1889 721 1968 τοὺς
745 1888 909 1974 ἐθισμοὺς
932 1888 1100 1974 λάβωμεν.
1137 1888 1301 1978 τετάρτην
1325 1889 1386 1956 ἐπὶ
1407 1890 1472 1979 τήν

323 1993 411 2080 πρὸς
445 1993 503 2072 οὓς
537 1990 579 2061 άν
613 1992 892 2081 φιλοτιμούμενοι
925 1992 1149 2079 τυγχάνομεν,
1184 1988 1280 2060 ὁποῖ’
1308 1989 1395 2061 άττα
1425 1991 1471 2062 ἂν

326 2098 448 2164 ἐκεῖνοι
471 2097 622 2185 ζηλῶσιν,
651 2093 831 2184 ἀναφοράν
854 2123 888 2164 τε
912 2099 969 2162 καὶ
983 2102 1136 2184 μίμησιν.
1174 2098 1317 2164 Primum
1341 2100 1471 2166 floribus

323 2198 491 2288 πρώτην
516 2201 595 2284 μέν,
621 2208 656 2267 ut
678 2202 714 2268 in
736 2203 943 2285 sequentibus
966 2201 1128 2287 δευτέραν
1149 2205 1266 2288 τρίτην
1288 2199 1465 2289 τετάρτην.

322 2306 473 2386 Verbum,
500 2305 586 2387 quod
608 2326 682 2370 mox
697 2305 824 2388 legitur,
853 2298 958 2384 ἀξίων
972 2305 1052 2370 nihil
1067 2305 1174 2386 habet,
1198 2305 1285 2372 unde
1308 2305 1466 2393 pendeat.

323 2407 418 2490 Apud
440 2407 629 2492 Dionysium
653 2408 851 2492 exemplum,
885 2427 949 2489 quo
970 2407 1056 2474 huno
1077 2409 1182 2474 ioeum
1204 2407 1368 2490 integrum
1392 2428 1470 2476 esse

323 2511 499 2594 probarem,
526 2530 590 2575 non
612 2510 736 2586 inveni;
762 2509 846 2576 addo
868 2510 975 2593 igitur,
1002 2511 1087 2593 quod
1110 2511 1195 2576 omni
1217 2511 1317 2576 modo
1337 2511 1469 2595 flagita-

323 2621 374 2678 tur
396 2613 620 2698 participium:
653 2609 713 2699 τήν
739 2663 745 2675 .
767 2662 773 2674 .
797 2662 803 2675 .
828 2606 1006 2700 ὑπόληψιν
1022 2608 1066 2690 ὡς
1083 2613 1233 2701 σπουδῆς
1250 2608 1358 2692 άξίων
1377 2609 1471 2702 (όν-

324 2713 419 2804 των)
453 2707 498 2781 ὧν
528 2710 570 2782 do
592 2711 670 2792 τοὺς
701 2712 866 2798 ἐθισμοὺς
894 2713 1062 2800 λάβοιμεν.
1111 2717 1161 2783 Os.
1187 2717 1394 2804 Kruegerum
1416 2737 1465 2801 gr.

324 2819 379 2884 Gr.
405 2821 422 2904 §
445 2823 497 2898 47,
517 2825 548 2899 4,
576 2824 606 2883 6.
653 2821 714 2885 Pro
737 2819 844 2886 verbis
867 2820 1030 2885 mendosis
1058 2817 1221 2907 τετάρτην
1249 2818 1308 2884 ἐπὶ
1332 2821 1470 2904 Sylbur-

323 2923 395 3006 gius
419 2919 580 3008 τετάρτην
596 2922 645 2987 ἔτι
668 2923 871 2988 scribendum
887 2923 1038 3002 oomeeit3
1065 2923 1114 3014 nir
1129 2923 1240 2988 doetus
1261 2923 1373 2988 neseio
1396 2924 1469 3008 quis

323 3026 356 3088 in
379 3025 547 3090 Bodleiani
570 3026 714 3110 margine
736 3025 796 3090 hoe
817 3025 996 3110 proposuit:
1030 3022 1192 3112 τετάρτην
1216 3024 1265 3089 ἐ’τι
1288 3032 1355 3090 τῶν
1379 3022 1469 3112 πρὸς

327 3125 384 3203 οὓς
408 3123 449 3193 δν
472 3129 541 3196 κτλ.
588 3129 727 3210 Medeia,
754 3130 787 3193 ni
808 3130 913 3209 fallor,
940 3129 1006 3193 alie
1028 3135 1088 3194 est.
1136 3130 1214 3196 Cum
1232 3136 1385 3212 quattuor
1407 3129 1466 3194 ha-

324 3232 458 3296 beamus
481 3231 623 3296 membra
646 3251 729 3296 vers.
749 3255 775 3295 12
798 3228 936 3318 πρώτην
962 3231 1025 3313 μὲν
1047 3231 1116 3318 τήν,
1150 3251 1234 3297 vers.
1254 3256 1280 3296 13
1304 3231 1468 3317 δευτέραν

325 3333 360 3397 δὲ
384 3332 453 3419 τήν,
487 3353 571 3399 vers.
592 3359 617 3399 ιε
641 3337 755 3420 τρίτην
778 3335 814 3399 δὲ
837 3331 915 3421 τήν,
946 3355 1029 3401 vers
1051 3359 1076 3398 ιτ
1108 3332 1272 3422 τετάρτην
1302 3327 1362 3400 dni
1393 3332 1461 3422 τήν,

323 3439 356 3500 in
380 3445 492 3519 quarto
515 3438 690 3503 certissime
722 3436 883 3524 τετάρτην
906 3438 925 3504 δ
931 3438 946 3502 ὲ
969 3437 1029 3525 τῆν
1059 3438 1273 3504 scribendum.
1315 3439 1466 3524 Denique

324 3540 415 3622 legas
439 3537 723 3624 τυγχάνωμεν.

411 3664 442 3725 p.
466 3645 606 3708 10871oss
633 3640 865 3727 Συγγνιόσεται
888 3642 927 3729 δή
951 3667 1010 3726 μοι
1032 3646 1089 3709 καὶ
1111 3642 1260 3711 Πλάτων
1284 3639 1301 3710 ὁ
1326 3644 1466 3730 θαυμά·

325 3765 407 3825 σιος,
434 3742 464 3806 εἰ
486 3741 531 3829 μή
555 3742 806 3830 παραθήσομαι
827 3738 983 3810 κάκείνου
1006 3748 1123 3826 λέξεις.
1148 3742 1167 3834 ή
1192 3745 1254 3833 γάρ
1271 3741 1463 3835 ὑπόμνησις

326 3842 370 3924 ὡς
394 3845 430 3911 ἐν
452 3843 570 3910 εἰδόσι.
596 3848 650 3910 καὶ
675 3853 780 3910 ταῦτα
804 3846 840 3910 δὲ
860 3845 898 3933 δή
915 3847 1122 3932 βουλόμενος
1138 3849 1199 3927 τὰς
1214 3850 1387 3938 διαφοράς
1402 3859 1466 3916 τῶν

326 3945 497 4036 ἁρμονιῶν
522 4001 527 4012 .
551 3999 557 4012 .
581 3999 587 4012 .
613 3949 767 4036 διῆλθον.
815 3951 988 4016 Enuntiato
1019 3955 1140 4019 causali
1171 3956 1305 4021 verbum
1336 3955 1462 4038 aliquod

326 4053 503 4122 desiderari
532 4052 684 4117 Reiskins
714 4052 812 4135 vidit,
847 4073 918 4117 eum
947 4055 1099 4122 scriberet
1127 4051 1146 4143 ή
1177 4054 1241 4143 γὰρ
1273 4051 1463 4145 ὑπόμνησις

328 4153 499 4244 άρκέσει
529 4147 573 4229 ὡς
601 4152 637 4219 ἓν
659 4150 766 4218 εἰδόσι
793 4204 799 4216 .
822 4204 856 4217 ..
889 4154 1073 4221 καὶταῦτα
1103 4163 1136 4222 τί
1164 4155 1374 4242 βουλόμενος
1398 4212 1404 4224 .
1427 4209 1458 4224 ,.

325 4261 485 4347 διῆλθον;
530 4259 571 4322 At
601 4257 700 4322 verba
734 4254 769 4318 δὲ
800 4253 839 4340 δή
875 4262 962 4321 oerto
993 4277 1073 4324 sena
1102 4269 1194 4340 sunt;
1235 4261 1277 4330 ef.
1309 4285 1342 4346 p.
1372 4265 1465 4327 tutte

207 4782 970 5096 *mli
