3182 5136
558 389 600 399 -
649 352 732 434 μοι]
779 387 822 396 -

651 589 723 654 VII.

364 727 402 778 In
420 727 590 788 epistulam
608 727 649 778 ed
666 728 852 780 Ammeeum
868 727 1015 788 priorem.

207 865 244 929 P.
264 865 369 928 mess
389 855 426 927 ‘0
448 861 511 945 μὲν
533 851 594 928 σύν
608 859 839 950 Ἀριστοτέλης
861 856 948 947 ύπὲρ
972 860 1095 927 ἑαυτοῦ
1109 867 1256 950 γέγραφε

125 963 375 1052 μαρτυρόμενος
402 963 598 1053 διαρρήδην,
636 960 688 1030 ότι
718 963 778 1042 τὰς
807 963 984 1053 ῥητορικάς
1012 971 1131 1048 τέχνας
1161 988 1257 1032 συνε-

126 1069 246 1150 τάξατο
277 1065 505 1156 πρεσβύτερος
533 1063 580 1135 ὢν
608 1063 669 1158 ήδη
699 1070 756 1134 καὶ
786 1066 845 1146 τὰς
876 1073 1056 1155 κρατίστας
1084 1068 1257 1149 συντάξεις

124 1171 392 1262 προεκδεδωκώς.
419 1165 514 1238 ταῦτ’
533 1169 625 1238 ἐστὶν
647 1171 684 1252 ἐξ
705 1163 751 1239 ὧν
774 1171 791 1238 ὃ
808 1171 1017 1260 προειλόμην
1032 1180 1173 1260 ποιήσαι
1189 1197 1257 1260 φα-

123 1273 244 1364 νερόν.
267 1325 303 1340 ..
330 1273 450 1352 ἱκανῶς
474 1268 722 1357 ἀποδεδεῖχθαι
742 1275 880 1358 νομίζω.
921 1275 1121 1342 Praeoedunt
1142 1276 1193 1342 his
1216 1297 1257 1342 ex

123 1379 304 1448 An‘stotelis
333 1379 411 1444 artis
440 1377 617 1445 rhetoricae
644 1379 814 1464 desumpta
836 1380 857 1444 l.
883 1380 934 1444 12
963 1400 984 1464 p
1018 1376 1253 1445 1356³35-''20.

122 1483 206 1549 Satis
229 1481 385 1566 languido
414 1481 508 1548 modo
530 1483 628 1548 verba
658 1476 674 1546 ό
699 1483 762 1564 μὲν
784 1471 845 1548 σύν
870 1533 876 1546 .
899 1533 905 1545 .
927 1533 934 1547 .
960 1487 1107 1570 γέγραφε
1138 1482 1257 1549 οδυεε-
1371 1499 1373 1502 ’

123 1595 239 1666 tuntur,
267 1607 340 1652 eum
361 1603 467 1668 neque
489 1605 608 1665 eorum,
635 1605 716 1670 quae
739 1593 992 1667 antecesserunt,
1018 1586 1099 1652 ratio
1115 1587 1182 1651 ulla
1196 1585 1257 1652 ha-

121 1693 244 1773 beatur,
271 1695 304 1754 et
325 1689 458 1755 verbum
474 1693 621 1776 μέμραιμε
637 1688 759 1756 obiecto
777 1689 860 1754 male
876 1697 995 1755 eareat.
1042 1691 1089 1755 Ae
1111 1709 1152 1756 ne
1174 1691 1256 1756 alte

123 1815 189 1860 rum
213 1792 344 1876 quidem
368 1791 567 1858 enuntiatum
597 1785 695 1856 ταῦτ’
722 1789 813 1857 ἐστίν
835 1792 905 1856 κτλ.
937 1793 1019 1858 bene
1049 1813 1120 1858 cum
1150 1792 1256 1877 priore

123 1897 339 1980 coniungitur,
365 1915 438 1961 tum
461 1901 566 1960 ταῦτα
589 1893 631 1960 οδ
646 1895 827 1961 Aristotelis
842 1895 941 1962 verba
956 1895 1082 1962 redtene
1099 1916 1148 1977 ea,
1174 1913 1257 1979 quae

121 1999 310 2086 interposita
332 2005 406 2064 sunt
432 1991 459 2082 (ὁ
476 1997 539 2080 μὲν
555 1986 615 2063 οὖν
630 2035 671 2045 -
687 1995 971 2083 προεκδεδωκώς),
998 2018 1127 2083 prorsus
1143 1999 1257 2082 negle-

120 2112 183 2189 gat.
224 2102 315 2180 Quas
337 2101 541 2168 difficultates
556 2101 720 2168 lentssimo
736 2101 828 2168 modo
843 2101 890 2167 ita
904 2101 1015 2168 tollere
1034 2101 1113 2166 mihi
1128 2101 1253 2168 videor:
1269 2136 1272 2141 ·

120 2207 156 2275 ‘A
178 2208 242 2292 μὲν
265 2195 326 2272 σύν
341 2199 571 2292 Ἀριστοτέλης
593 2198 680 2290 ὑπὲρ
703 2203 824 2270 ἑαυτοῦ
839 2209 987 2291 γέγραφε
1004 2201 1256 2291 μαρτυρόμενος

122 2297 305 2398 διαρρήδην
334 2303 387 2374 ότι
411 2359 418 2373 .
442 2357 475 2372 ..
510 2305 714 2387 συνετάξατο
846 2305 1121 2392 προεκδεδωκὼς,
1156 2301 1252 2373 ταῦτ)

122 2414 228 2481 ἐστίν’
271 2411 307 2492 ἐξ
336 2402 382 2478 ὧν
411 2409 428 2476 ό
459 2408 668 2498 προειλόμην
697 2417 840 2498 ποιήσαι
869 2407 1021 2498 φανερὸν
1046 2461 1051 2474 .
1074 2461 1080 2474 .
1103 2461 1109 2474 .
1136 2409 1256 2487 ἱκανῶς

122 2513 369 2598 ἀποδεδεῖχθαι
391 2513 528 2596 νομίζω.

643 2719 732 2784 VIII.

406 2861 446 2911 In
463 2859 632 2922 epistulam
650 2859 691 2912 ad
709 2861 765 2912 Gn.
778 2859 971 2922 Pompeium.

207 2999 243 3064 P.
264 2999 370 3060 mess
392 2999 619 3082 Χαρακτήρας
642 2991 744 3079 λόγου
770 2990 998 3078 προελόμενος
1028 3003 1170 3058 σκοπεῖν
1199 2994 1255 3058 καὶ

122 3101 199 3178 τούς
229 3095 468 3184 πρωτεύοντας
498 3096 535 3163 ἐν
568 3091 683 3174 αύτοῑς
716 3094 929 3185 φιλοσόφους
959 3121 993 3164 τε
1025 3098 1082 3162 καὶ
1111 3093 1255 3184 ῥήτορας

123 3201 299 3286 ἐξετάζειν.

206 3322 383 3406 Dionysius
405 3321 484 3390 dicit
505 3327 561 3388 aut
584 3318 617 3385 οἱ
639 3317 714 3386 τότε
737 3318 968 3406 πρωτεύοντες
984 3325 1040 3386 καί
1055 3317 1087 3384 οἱ
1103 3315 1256 3404 πρωτεύ-

122 3450 250 3510 σαντες,
277 3424 363 3492 unde
385 3425 458 3508 lego
473 3420 551 3500 τούς
573 3419 909 3508 πρωτεύσαντας
933 3420 969 3488 ἐν
983 3408 1098 3496 αὐτοῖς
1114 3417 1256 3506 φιλοσό-

123 3555 209 3618 φους
231 3553 267 3594 τε
289 3529 347 3592 καὶ
373 3524 528 3614 ῥήτορας.
576 3526 627 3594 Of.
653 3547 685 3611 p.
706 3528 782 3590 783⁸
813 3525 954 3600 πολλοῖς
985 3517 1017 3589 δ’
1042 3522 1092 3600 εἰς
1121 3517 1257 3606 ὁμιλίαν

123 3629 234 3700 ἐλθὼν
257 3625 400 3716 ἀνδράσι
421 3641 492 3706 τοῖς
514 3625 589 3694 τότε
613 3625 826 3714 πρωτεύουσι
847 3665 890 3676 -
913 3649 946 3712 p.
967 3632 1021 3694 54⁵
1045 3625 1078 3692 οἱ
1101 3627 1137 3692 δὲ
1161 3649 1257 3712 πρω-

122 3735 299 3812 τεύσαντες
322 3731 359 3800 ἐν
382 3730 527 3818 ἑκατέρῳ
551 3755 586 3798 τε
609 3732 666 3796 καί
688 3729 725 3798 ἐν
749 3725 970 3818 ἀμφοτέροις,
995 3730 1120 3800 πολλοί
1142 3754 1176 3798 τε
1200 3731 1256 3796 καί

124 3834 250 3924 ἀγαθοὶ
272 3831 402 3923 άνδρες.
445 3841 519 3900 1452
543 3841 608 3901 τῶν
630 3831 899 3919 πρωτευσάντων
915 3832 951 3900 ἐν
968 3828 1085 3910 αύταῑς
1100 3839 1256 3921 μνησθή-

123 3967 188 4011 ναι.
238 3945 328 4006 17216
350 3936 428 4016 τοὺς
451 3937 488 4006 ἐν
508 3933 592 4024 αύτῇ
619 3937 883 4023 πρωτεύσαντας
913 3937 1252 4025 καταριθμήσασθαι.

124 4051 214 4112 75312
246 4041 423 4130 κράτιστος
451 4039 592 4108 πάντων
619 4049 685 4107 τῶν
714 4037 984 4126 πρωτευσάντων
1012 4041 1092 4125 περὶ
1121 4038 1251 4124 λόγους.

123 4151 199 4224 944⁷
223 4146 253 4212 οἱ
275 4143 532 4232 πρωτεύσαντες
554 4151 620 4210 τῶν
641 4141 717 4210 τότε
741 4143 903 4231 ῥητόρων.
951 4145 1042 4210 95810
1072 4137 1190 4227 ἄνδρες
1223 4141 1255 4206 οἱ

126 4248 377 4337 πρωτεύσαντες
410 4247 446 4314 ἐν
479 4242 609 4323 αὐτοῖς.
660 4250 736 4314 9834
764 4246 977 4333 Θουκυδίδην
1010 4243 1069 4311 τὸν
1100 4244 1136 4311 ἐν
1165 4238 1255 4330 αύτῷ
