3182 5136
328 364 391 424 mo
761 395 805 404 -
852 359 935 442 [nor]
983 393 1026 403 -

327 545 451 635 κοστήν
472 549 529 611 καὶ
552 544 673 634 ἐνάτην
691 541 905 629 Ὀλυμπιάδα
930 544 1021 634 (ἐπὶ)
1043 548 1257 632 Διοτρέφους
1279 541 1462 631 Ἀθήνησιν

327 646 489 736 άρχοντος
501 650 610 734 τρισὶν
622 648 710 714 ἐτεσι
721 653 967 736 Δημοσθένους
979 647 1208 734 πρεσβύτερος
1216 642 1306 736 (τόν).
1335 648 1463 712 Utrum-

327 775 388 839 que
411 754 543 819 verbum
566 760 677 818 contra
691 753 840 836 Dionysii
863 771 981 818 morem
997 753 1232 818 Herwerdenus
1252 750 1394 826 addidit3
1422 751 1461 816 of.

328 881 360 944 p.
377 861 483 923 534oss
502 850 694 943 Ἰσοκράτης
710 850 921 948 όἈθηναῑος
938 853 1101 942 ἐγεννήθη
1119 857 1181 937 μὲν
1197 853 1254 920 ἐπὶ
1271 862 1330 942 τής
1347 848 1465 941 ὀγδοη-

328 967 448 1047 κοστης
463 960 520 1024 καὶ
536 959 631 1047 ἕκτης
643 954 872 1042 Ὀλυμπιάδος
896 955 943 1044 άρ
951 983 1103 1041 χοντος
1118 953 1319 1046 Ἀθήνησι
1335 965 1465 1022 Λυσι-

329 1063 384 1148 μά
392 1089 466 1147 χου
488 1069 634 1148 πέμπτῳ
659 1061 827 1148 πρότερον
849 1062 916 1128 ἐτει
938 1069 998 1128 τοῦ
1014 1064 1343 1150 Πελοποννησιακοῦ
1366 1063 1466 1126 πολέ-

328 1193 394 1252 μου
417 1168 492 1233 δυσί
515 1168 572 1231 καὶ
588 1165 714 1232 εἴκοσιν
730 1165 818 1231 έτεσι
839 1163 1045 1252 νεώτερος
1067 1171 1214 1231 Λυσίου.
1233 1203 1277 1212 -
1291 1167 1328 1230 Ρ.
1349 1167 1467 1230 7536666

329 1267 415 1338 οὑτω
447 1275 483 1356 γέ
513 1295 566 1335 τοι
595 1271 652 1333 καὶ
681 1267 804 1356 χρυσός
836 1268 938 1356 έτέριμ
971 1277 1085 1354 χρυσῷ
1117 1271 1331 1353 παρατεθεὶς
1360 1273 1467 1353 κρείτ-

329 1400 396 1442 των
425 1369 444 1462 ή
473 1378 596 1459 χείρων
626 1367 705 1461 (ὢν)
735 1367 925 1458 εὑρίσκεται
950 1373 1197 1439 Herwerdenus.
1246 1376 1288 1437 At
1319 1373 1465 1438 codicum

328 1479 422 1545 lectio
445 1481 606 1562 κρείττων
628 1501 662 1541 τε
687 1477 743 1540 καὶ
765 1480 888 1561 χείρων
910 1470 1098 1562 εὑρίσκεται
1120 1497 1183 1542 non
1208 1477 1308 1542 solum
1343 1475 1466 1540 medela

329 1584 419 1647 nulle
440 1581 578 1664 indiget,
613 1579 671 1645 sed
698 1580 794 1645 etiam
825 1601 920 1662 quam
949 1580 1158 1646 Herwerdeni
1186 1580 1376 1645 coniectura
1405 1581 1469 1644 ele-

329 1686 455 1771 gantior
477 1692 526 1750 est
556 1691 588 1749 et
617 1683 813 1767 exquisitior.
860 1685 958 1767 Fugit
984 1684 1086 1748 virum
1116 1683 1242 1748 doctum
1265 1682 1467 1767 Thucydidis

328 1811 393 1856 non
414 1809 486 1854 raro
510 1787 699 1872 Dionysium
722 1807 794 1852 esse
823 1787 1025 1852 imitatorem.
1073 1789 1106 1852 Is
1129 1788 1161 1851 ΙΙ
1185 1791 1238 1852 351
1262 1787 1327 1850 ita:
1365 1785 1469 1852 ἐδόκει

428 1889 471 1978 μή
499 1889 534 1956 ἐν
557 1884 727 1978 ἐυλάνάρὶ
757 1891 893 1954 πολλῶν
924 1884 1044 1975 ἀρετάς
1075 1887 1338 1955 κινδυνεύεσθαι
1371 1878 1409 1955 εὑ
1437 1913 1468 1952 τε

328 1997 385 2061 καὶ
412 2007 525 2079 χεῖρον
552 1992 685 2060 εἰπόντι
713 1998 958 2080 πιστευθήναι;
993 1992 1034 2058 of.
1061 1995 1099 2058 Α.
1126 1995 1163 2057 R.
1186 1994 1235 2058 III
1255 1997 1300 2056 29
1323 2015 1359 2076 p.
1381 1998 1467 2058 nono

328 2100 451 2165 Kiessl.
476 2105 534 2184 τῆς
556 2097 721 2182 πατρίδος
751 2085 789 2162 εὑ
815 2097 928 2161 τεκαὶ
958 2109 1072 2180 χεῖρον
1102 2101 1291 2183 φερομένης
1323 2093 1363 2161 τὸ
1397 2094 1469 2161 ἐπι-

329 2201 456 2286 βάλλον
478 2205 579 2286 μέρος
603 2199 742 2276 έκαστος
766 2199 893 2264 οἴσεται
922 2207 979 2286 τής
1003 2197 1114 2286 τόχης,
1163 2199 1243 2264 Vide
1264 2201 1467 2284 Kruegerum

330 2307 372 2372 ad
394 2305 496 2371 Thus.
521 2305 636 2369 locum.
684 2306 768 2369 Loco
791 2303 831 2368 de
854 2323 916 2385 quo
939 2304 1044 2386 agitur·
1065 2303 1125 2368 etsi
1141 2323 1203 2367 non
1221 2303 1337 2368 eudem
1353 2304 1469 2369 locutio

330 2415 444 2489 exstat,
472 2414 612 2473 atcerte
635 2407 810 2491 particulas
834 2430 868 2470 τε
892 2407 949 2470 καὶ
971 2407 1129 2490 genuinas
1153 2427 1223 2472 esse
1246 2407 1294 2470 illi
1316 2409 1465 2490 probant.

330 2513 395 2578 Sed
417 2532 458 2577 ne
481 2510 688 2595 participium
704 2509 834 2592 quidem
851 2505 897 2575 τόν
918 2509 1160 2585 1·eeteadditur;
1188 2509 1228 2574 ci.
1252 2531 1283 2593 p.
1300 2513 1381 2574 2156
1405 2504 1469 2575 ότι

330 2616 392 2699 μὲν
416 2609 457 2680 du
480 2621 545 2678 τίαν
567 2611 768 2700 ποιημάτων
790 2607 910 2695 ὅμοιον
932 2606 1073 2697 εὑρίσκω
1095 2619 1141 2697 τῷ
1157 2610 1298 2698 φλυάρῳ
1315 2615 1376 2677 καὶ
1393 2607 1470 2677 oido-

331 2720 441 2803 λέσχη,
468 2719 612 2802 γέλωτος
636 2712 731 2795 άξιον
754 2710 835 2782 αὐτὸ
859 2720 1010 2798 τίθεμαι.
1052 2721 1128 2780 4556
1152 2719 1235 2797 μίαν
1253 2715 1316 2797 μὲν
1333 2713 1374 2803 δή
1392 2714 1470 2780 ταὺ-

331 2845 391 2909 την
413 2818 473 2908 τήν
502 2814 623 2908 ἀρετήν
654 2813 752 2899 άξίαν
781 2816 882 2906 ζήλου
912 2820 968 2883 καὶ
997 2815 1169 2905 μιμήσεως
1199 2811 1344 2903 εὑρίσκιο
1377 2814 1471 2902 παρά

331 2931 377 3010 τήν
411 2921 537 3011 ῥήτορι.
588 2927 684 2988 11236
720 2920 761 2986 τά
794 2922 857 3004 μέν
886 2920 1030 2987 ἐπαίνου
1059 2921 1188 3004 μᾶλλον
1217 2915 1237 3008 ή
1266 2927 1471 3008 κατηγορίας

332 3025 409 3107 άξια
433 3021 574 3114 εὑρήσει,
602 3023 644 3090 τά
667 3020 700 3091 δ’
720 3020 779 3091 οὑκ
804 3020 939 3112 άληθῶς
956 3024 1114 3112 εἰρημένα
1129 3017 1191 3090 ὑπ’
1210 3019 1325 3090 αὑτοῦ.
1370 3027 1413 3090 A.
1431 3027 1467 3089 R.

332 3133 411 3196 130
435 3152 467 3215 p.
487 3132 542 3194 366
566 3123 709 3214 ἀρχαῖόν
738 3152 773 3193 τε
803 3126 895 3194 πάνυ
925 3129 981 3192 καὶ
1010 3122 1123 3194 οὐδενὶ
1153 3122 1242 3212 άλλη)
1274 3132 1364 3212 γένει
1397 3123 1470 3193 οὑτε

333 3227 552 3318 ὁμόγλωσσον
567 3228 643 3298 οότε
660 3225 857 3314 ὁμοδίαιτον
873 3224 1072 3316 εὑρίσκεται.
1090 3267 1134 3278 -
1148 3232 1184 3296 P.
1205 3234 1296 3294 7571s
1319 3231 1472 3296 Herwer-

315 3327 433 3402 ¹denus
456 3337 554 3401 verba
575 3336 621 3400 itu
644 3336 824 3401 constituit:
843 3330 983 3400 Ἔπειτα
1007 3328 1040 3399 d’
1060 3327 1107 3400 οό
1129 3331 1233 3416 μόνος
1257 3327 1353 3399 οὐδὲ
1378 3340 1471 3418 πριῖι-
1568 3387 1571 3396 .

332 3465 390 3517 τος
413 3437 476 3525 ἐγὼ
499 3434 697 3526 φανήσομαι
718 3436 824 3504 κατὰ
847 3436 1034 3514 Πλάτωνος
1058 3435 1275 3524 ἐπιχειρήσας
1291 3461 1323 3501 τι
1339 3438 1466 3522 λέγειν;
1580 3429 1581 3440 ’

332 3537 441 3606 ἔπειτ’
468 3535 554 3608 oddo.
574 3539 678 3624 μόνος
709 3535 785 3606 οὑδὲ
820 3548 954 3626 πρῶτος
989 3537 1247 3627 ἐπιφανήσομαι
1277 3541 1356 3625 περὶ
1391 3592 1397 3604 .
1428 3592 1433 3604 .
1463 3591 1468 3602 .

334 3645 427 3711 codd.
471 3646 596 3710 Reiskii
612 3645 865 3710 emendationem
887 3645 980 3710 unice
1003 3665 1113 3710 veram
1136 3637 1245 3708 doecr’
1266 3639 1342 3708 οὑτε
1366 3641 1472 3726 μόνος

333 3743 408 3814 οότε
432 3755 566 3833 πρῶτος
590 3747 654 3832 ἐγὼ
670 3745 867 3834 φανήσομαι
881 3749 951 3812 κτλ.
978 3748 1095 3812 iniuria
1117 3747 1276 3832 neglexit;
1303 3746 1345 3812 ci.
1368 3749 1468 3814 Isocr.

333 3855 381 3918 XI
405 3855 444 3916 28
474 3849 514 3938 ήν
545 3847 620 3916 odeo
651 3848 755 3932 μόνος
786 3847 862 3916 οὑτε
893 3858 1025 3935 πρῶτος
1056 3847 1119 3936 ἐγὼ
1148 3848 1300 3935 τυγχάνω
1335 3857 1471 3916 καθεω-

334 3953 452 4041 ρακιός.
500 3956 539 4019 A.
558 3955 596 4018 R.
616 3955 664 4019 IX
686 3957 723 4019 31
750 3975 782 4038 p.
802 3957 893 4019 27212
924 3953 1043 4019 ε’ίπατέ
1064 3978 1132 4036 μοι,
1166 3951 1271 4036 μόνος
1293 3947 1314 4040 ή
1337 3962 1472 4040 πρῶτος

332 4053 413 4142 ὑμῖν
436 4053 499 4142 ἐγὼ
522 4061 690 4144 φαίνομαι
712 4054 905 4138 βιάσασθαι
937 4109 942 4122 .
970 4108 976 4122 .
1004 4081 1032 4134 .;
1076 4059 1173 4123 Porro
1200 4057 1470 4142 praepositionem

334 4160 420 4226 κατά
443 4160 627 4227 concinnius
649 4161 715 4244 legi
738 4180 833 4243 quam
859 4161 1003 4226 codicum
1034 4165 1114 4245 περί
1142 4179 1253 4225 omnes
1283 4159 1468 4240 concedent,

334 4265 551 4332 necessariam
568 4283 640 4330 esse
662 4283 756 4348 nego.
775 4303 818 4312 —
840 4265 877 4328 P.
893 4269 931 4328 77
936 4267 983 4329 816
1003 4257 1039 4328 Ὁ
1056 4263 1092 4327 δὲ
1108 4260 1257 4339 λεκτικὸς
1276 4265 1331 4343 isc.
1351 4261 1467 4341 τόπος)
