3182 5136
296 341 359 402 111
731 375 774 385 -
821 339 906 422 [οτι]
954 375 997 386 -

297 546 359 609 quo
381 525 463 592 haec
484 525 658 592 fluxerunt:
697 529 730 590 τί
752 516 813 592 οὖν
841 513 882 612 ἦν
905 519 1045 606 άτοπον,
1080 523 1111 590 εἰ
1138 526 1195 588 καὶ
1217 527 1438 612 Δημοσθένει

298 631 439 717 φροντὶς
462 623 632 715 εὐφωνίας
655 652 690 694 τε
713 629 770 693 καί
793 622 965 710 εὐμελείας
989 626 1135 712 ἐγένετο;

383 788 415 850 p.
441 770 581 830 lilii-iss
619 758 687 830 Οὐκ
717 759 842 848 άλογον
874 753 915 851 ἦν
948 765 1004 829 καὶ
1039 771 1169 831 ταῦτα
1203 765 1272 829 καὶ
1306 761 1436 828 τάλλα

298 866 437 934 πάντα
460 865 517 933 διά
539 869 667 955 πολλῐγς
684 866 878 950 ἐπιμελείας
897 917 904 930 .
926 917 933 930 .
954 918 961 931 .
981 865 1086 949 ἐχειν·
1122 865 1238 954 ἐπειδὴ
1263 861 1332 954 δὴ
1356 863 1437 953 χρί-

297 997 369 1050 νιος
389 968 528 1059 άσκησις
551 971 622 1051 ἕξιν
637 965 727 1056 αὐτῷ
744 969 919 1058 ἐνεποίησε
939 969 1093 1058 πολλὴν.
1116 1020 1123 1034 .
1144 1020 1171 1053 .,
1199 965 1270 1036 τότ’
1290 964 1361 1036 άπὸ
1378 977 1439 1036 τοῦ

298 1073 424 1164 ῥᾴστου
447 1100 481 1140 τε
505 1076 561 1139 καί
584 1081 642 1162 τῆς
665 1073 766 1154 ἕξεως
790 1069 872 1140 αὐτὸ
889 1087 1013 1140 ποιεῖν.
1053 1075 1160 1158 Legas
1184 1068 1286 1140 αὐτὰ
1309 1085 1433 1155 ποιεῖν,

297 1181 339 1246 ul.
366 1179 406 1246 de
429 1200 457 1244 ο.
484 1201 516 1243 v.
541 1199 573 1264 p.
593 1182 680 1243 2108.
1174 1189 1175 1195 ’

383 1337 415 1400 p.
438 1319 577 1379 111512ss
603 1312 654 1379 Τά
677 1311 912 1402 συμβεβηκότα
932 1301 1074 1390 τούτοις
1084 1316 1139 1392 (ευ.
1159 1325 1229 1390 τοῖς
1253 1308 1437 1395 ὀνόμασι

297 1420 355 1484 καί
370 1415 496 1506 ῥήμασι
512 1418 569 1482 καὶ
585 1418 793 1499 συνδέσμοις)
811 1413 976 1494 συστολάς
990 1414 1140 1493 ἐκτάσεις
1151 1411 1316 1504 όξότητας
1331 1415 1439 1501 βαρύ-

298 1546 399 1610 τητας
421 1526 498 1608 γένη
515 1518 660 1597 πτώσεις
684 1515 853 1607 ἀριθμοὺς
870 1519 1033 1604 ἐγκλίσεις
1049 1519 1090 1585 τά
1110 1517 1195 1584 άλλα
1210 1518 1437 1607 παραπλήσια

298 1623 430 1702 τούτοις
463 1629 567 1708 μυρία
601 1618 765 1707 όνόματα.
816 1617 986 1706 Ὀνόματα
1020 1624 1107 1689 nullo
1144 1623 1238 1689 modo
1272 1617 1439 1707 ὀνόμασιν

297 1729 465 1811 obtingere
487 1727 550 1793 dici
573 1733 722 1812 possunt,
753 1747 853 1810 quare
874 1727 969 1792 tollas
992 1726 1136 1810 ineptum
1159 1724 1433 1804 additamentum

298 1831 340 1898 σί.
365 1831 405 1897 de
421 1851 448 1896 ο.
468 1852 498 1895 v.
522 1851 555 1914 p.
572 1833 650 1895 2119
673 1827 715 1893 τά
738 1826 974 1916 συμβεβηκότα
994 1823 1112 1905 αὐταῖς
1132 1831 1188 1912 (ευ.
1202 1838 1277 1904 ταῖς
1292 1829 1432 1910 λέξεσιν)

299 1932 450 2010 ἐκτάσεις
473 1957 508 1998 τε
531 1933 616 2017 λέγιο
639 1934 697 1998 καὶ
719 1929 884 2008 συστολάς
907 1933 964 1996 καὶ
979 1931 1176 2018 προσῳδίας
1192 1932 1249 1996 καὶ
1265 1929 1307 1995 τὰ
1324 1954 1438 2015 παρα-

299 2036 428 2124 πλήσια
452 2033 594 2113 τούτοις.

372 2213 373 2218 ,
386 2179 417 2242 p.
434 2162 572 2222 11151551
587 2150 693 2221 Ὅταν
705 2154 741 2220 δέ
754 2152 815 2242 τὴν
826 2152 956 2221 τούτων
968 2149 1130 2220 ἁπάντων
1142 2151 1333 2240 ἐπιστήμην
1341 2178 1438 2238 περι-

299 2259 466 2344 λάβωμεν,
493 2254 563 2325 τότ’
583 2254 763 2345 άρχόμεδα
786 2256 931 2346 γράφειν
949 2282 984 2324 τε
1000 2259 1058 2322 καὶ
1074 2251 1325 2342 ἀναγινώσκειν,
1354 2255 1438 2322 κατὰ

300 2361 500 2445 συλλαβάςέ)
527 2363 590 2444 μέν
612 2363 669 2427 καὶ
690 2363 843 2447 βραδέως
872 2359 909 2426 τό
938 2369 1073 2447 πρῶτον
1098 2411 1105 2424 .
1127 2411 1134 2424 .
1156 2411 1162 2426 .
1188 2364 1438 2446 προβαίνοντος

300 2467 336 2532 δέ
360 2473 420 2532 τοῦ
434 2462 563 2553 χρόνουΙ
581 2465 638 2529 καλ
660 2462 732 2530 τὸν
753 2472 853 2530 νοῦν
875 2461 1015 2550 ἰσχυρὸν
1037 2470 1075 2549 τῇ
1093 2470 1183 2548 ψυχῇ
1199 2468 1438 2549 περιτιθέντος

301 2570 336 2636 ἐκ
360 2572 417 2657 τῆς
440 2573 600 2650 συνεχοῦς
621 2568 770 2654 μελέτης,
798 2561 871 2632 τότ’
891 2561 1087 2644 ἀπταίστως
1110 2591 1145 2632 τε
1168 2567 1224 2630 καὶ
1247 2563 1335 2631 κατά
1354 2567 1438 2630 πολ-

300 2671 362 2762 λὴν
384 2667 565 2739 εὐπέτειαν
585 2672 629 2736 Μ.
676 2671 770 2750 Quod
793 2671 826 2735 in
849 2670 1042 2736 editionibus
1070 2690 1127 2755 pro
1150 2669 1257 2736 verbis
1283 2669 1438 2754 corruptis

301 2775 361 2843 τὸν
382 2783 465 2842 νοῦν
491 2775 610 2860 legitur
639 2771 754 2857 τόνον,
789 2773 914 2839 Reiskii
944 2782 994 2839 est
1022 2773 1215 2839 coniectura.
1262 2772 1437 2857 Dionysius

298 2888 388 2948 ,σσιίο
403 2879 493 2969 dedit
515 2881 763 2964 προβαίνοντος
786 2876 822 2942 δὲ
838 2883 899 2942 τοῦ
913 2873 1037 2962 χρόνου
1053 2877 1111 2940 καὶ
1133 2874 1296 2952 τύπους
1319 2874 1439 2957 ἰσχυ-

303 2981 402 3070 ροδς
425 2989 463 3067 τῇ
489 2988 579 3067 ψυχῇ
602 2985 857 3066 περιτιθέντος,
890 2980 931 3046 cf.
957 2979 998 3045 de
1021 3000 1048 3045 ο.
1074 3001 1105 3044 v.
1130 3000 1164 3065 p.
1184 2976 1438 3045 2111τέπειδάν

302 3087 338 3152 δέ
362 3079 380 3150 δ
403 3081 525 3171 χρόνος
549 3078 724 3167 άξιόλογος
739 3079 946 3169 προσελθὼν
968 3079 1128 3158 τόπους
1152 3079 1357 3167 ἰσχυροὺς
1380 3075 1437 3146 αό-

301 3195 368 3254 τῶν
390 3185 427 3252 ἐν
449 3197 523 3263 ταῖς
546 3197 673 3270 ψυχαῖς
687 3179 781 3273 ἡμῶν
795 3183 930 3272 ποιήσῃ,
958 3179 1029 3250 τότ’
1049 3178 1118 3249 άπὸ
1136 3190 1196 3249 τοῦ
1212 3181 1339 3270 ῥᾴστου
1354 3184 1437 3268 δρῶ-

301 3315 365 3374 μεν
388 3283 484 3356 αάτά.
534 3293 644 3354 111411
667 3282 686 3376 ἡ
710 3286 845 3374 χρόνιος
875 3283 1014 3374 άσκησις
1045 3285 1115 3366 ἕξιν
1143 3281 1234 3371 αὐτῷ
1263 3284 1436 3374 ἐνεποίησε

303 3392 434 3480 πολλὴν
455 3393 513 3456 καὶ
542 3388 704 3468 τόπους
735 3387 938 3477 ἰσχυροὺς
968 3385 1185 3475 ἐνειργάσατο
1216 3395 1282 3454 τῶν
1304 3383 1358 3454 άελ
1379 3413 1437 3472 με·

303 3481 519 3579 λετωμένων,
536 3495 578 3560 ui.
603 3514 636 3579 p.
655 3498 743 3560 210⁶.
1250 3573 1251 3576 ρ

390 3638 422 3700 p.
435 3617 560 3680 1118111
577 3611 620 3680 Ὃ
643 3610 682 3701 δη
707 3609 771 3698 ἐγὼ
786 3613 895 3698 σαφές
911 3610 968 3677 ἐπὶ
986 3619 1050 3678 των
1065 3607 1276 3697 πραγμάτιον
1291 3608 1434 3698 ποιήσω.

304 3719 487 3800 Sequuntur
509 3719 669 3801 exempla.
717 3715 866 3800 Dionysii
889 3715 921 3779 ui
945 3715 1040 3780 fallor
1060 3733 1175 3780 munus
1199 3720 1249 3779 est
1271 3710 1289 3778 ὃ
1314 3712 1353 3800 δὴ
1378 3709 1438 3798 ἐγὼ

305 3820 413 3908 σαφές
429 3819 568 3900 ἐπὶτῶν
590 3815 947 3904 παραδειγμάτων
969 3815 1114 3905 ποιήσω.
1154 3817 1204 3884 Of.
1223 3836 1256 3901 p.
1272 3819 1326 3882 861
1345 3814 1436 3882 ἐσται

303 3924 340 3990 δὲ
363 3930 462 3988 τοῦτο
486 3918 638 4008 φανερὸν
653 3919 710 3986 ἐπὶ
727 3927 792 3987 τῶν
807 3918 1102 4008 παραδειγμάτων.
1143 3923 1233 3986 89511
1254 3918 1290 3985 ἐκ
1307 3920 1439 3985 πολλῶν

304 4026 354 4092 ἐτι
377 4023 563 4108 δυνάμενος
585 4021 871 4110 παραδειγμάτων
893 4031 1036 4112 ποιησαι
1059 4019 1222 4110 φανερόν.

304 4167 511 4178 ——--—

339 4248 340 4252 ¹
375 4253 391 4316 1λ
419 4246 559 4318 συλλαβὰς
577 4247 690 4307 Ruink:
717 4245 858 4316 συλλαβὴν
876 4247 944 4302 MR.

130 4696 890 5072 ,Μ
1155 5021 1162 5038 1
