3182 5136
346 383 403 442 ruo
776 415 814 423 -
863 380 948 460 μου]
995 414 1038 424 -

340 567 486 631 dictionis
505 589 603 652 peace
630 617 636 629 .
660 615 667 628 .
690 615 696 628 .
721 566 793 649 §27
817 588 951 650 quonam
973 566 1072 650 ipitar
1100 569 1190 630 modo
1213 567 1376 630 audiretur
1397 569 1464 649 My-

338 694 390 734 εαε
412 679 467 734 out
489 670 601 753 Phryx
623 669 783 732 Athenis?

425 775 567 838 Alterum
591 780 699 838 autem
715 772 838 854 vitium,
864 773 898 836 ni
913 772 1018 853 fallor,
1045 779 1157 837 restat.
1200 773 1284 836 Nam
1306 779 1464 856 postquam

338 877 521 960 eloquentia
549 897 590 942 ex
618 876 698 940 Asia
730 876 871 960 prolecta
904 875 1000 940 certis
1030 875 1155 958 Mysiae
1178 875 1339 960 Phrygiae
1361 874 1465 940 Cariae

339 980 520 1063 regionibus
550 979 731 1045 accuratius
762 979 942 1062 significata
972 986 1036 1062 est,
1069 979 1269 1063 ineptissime
1300 978 1423 1042 additur
1450 971 1465 1062 ἢ

235 1115 248 1142 ι
337 1082 514 1169 μάρμαρον
541 1082 770 1168 appellativum
799 1081 841 1146 ad
870 1082 1000 1146 nomina
1027 1082 1172 1166 propria,
1205 1082 1292 1146 notio
1322 1081 1464 1144 latissime

339 1195 452 1272 patens
475 1187 517 1252 ad
540 1187 621 1252 alias
644 1187 716 1271 ipsa
740 1186 996 1269 comprehensae,
1022 1185 1131 1250 ieiuna
1145 1185 1258 1250 eadem
1278 1192 1351 1268 post
1365 1184 1464 1248 Asiam

339 1292 535 1375 appellatam
566 1297 598 1354 et
627 1309 755 1373 prorsus
783 1309 995 1372 supervacua.
1042 1287 1174 1353 Accedit
1200 1287 1284 1370 quod
1315 1295 1465 1352 ternorum

339 1395 548 1459 membrorum
580 1393 744 1478 responsio
773 1390 920 1478 Ἀττική,
955 1386 1088 1477 ἀρχαία,
1124 1386 1321 1472 multiplicor:
1357 1387 1465 1476 Mioq,

340 1501 481 1582 Φρυγία,
515 1493 667 1582 Καρικόν
687 1496 787 1561 verba
808 1490 828 1581 ἢ
849 1492 1025 1580 βάρβαρον
1054 1494 1198 1559 damnat.
1245 1495 1296 1559 Ne
1319 1495 1428 1571 multa,
1452 1487 1469 1578 ἢ

337 1597 513 1686 βάρβαρον
545 1601 707 1682 glossema
740 1605 790 1664 est
822 1598 1016 1682 adscriptum
1052 1598 1095 1662 ad
1127 1600 1227 1663 verba
1260 1591 1279 1682 ἢ
1312 1593 1468 1681 Καρικόν.

338 1704 424 1769 Sane
447 1703 547 1768 Cares
569 1699 860 1788 βαρβαροφώνους
881 1701 957 1766 inde
979 1703 1019 1766 ab
1043 1701 1180 1766 Homero
1202 1708 1332 1785 praeter
1355 1707 1473 1765 ceteros

338 1827 411 1873 esse
441 1808 594 1872 barbaros
623 1806 749 1870 habitos
779 1807 850 1869 oum
879 1805 936 1869 alii
965 1805 1027 1870 loci
1057 1805 1174 1870 docent
1202 1811 1269 1869 tum
1299 1804 1364 1880 illi,
1399 1821 1473 1886 qnos

338 1910 524 1974 Theodorus
538 1909 696 1992 Bergkius
708 1909 853 1973 laudavit
870 1907 1097 1986 „Grieohische
1109 1907 1470 1990 Literaturgesohiohte“

339 2036 371 2097 p.
391 2016 443 2076 34.
465 2019 517 2076 45.
1239 2077 1241 2082 Α

425 2137 457 2200 p.
477 2119 597 2180 ltinss
621 2117 689 2178 Καὶ
705 2110 746 2180 οὗ
761 2110 845 2178 καθ’
860 2115 897 2180 ἓν
913 2114 994 2190 ἴσως
1010 2121 1108 2179 τουτο
1125 2111 1232 2196 μόνον
1247 2112 1405 2178 ἐπαινεῖν
1420 2109 1473 2176 τὸν

340 2217 496 2306 παρόντα
533 2217 657 2305 χρόνον
690 2219 748 2284 καὶ
780 2217 858 2293 τοὺς
892 2219 1236 2304 συμφιλοσοφοῦντας
1270 2212 1473 2302 ἀνθρώπους

339 2318 453 2414 ι’λξιον,Ι
478 2317 530 2386 ὅτι
552 2320 594 2386 τὰ
615 2327 753 2407 κρείττω
777 2319 955 2407 τιμιώτερα
983 2332 1096 2386 ποιεῖν
1125 2328 1191 2384 τών
1220 2317 1388 2405 χειρόνων
1409 2315 1474 2405 ἥρ·

337 2427 461 2504 ξατο.
484 2477 490 2490 .
513 2477 519 2489 .
546 2420 622 2488 ἀλλ’
649 2419 701 2488 ὅτι
723 2425 780 2488 καὶ
803 2437 941 2505 ταχεῖαν
963 2421 1023 2511 τὴν
1045 2421 1236 2511 μεταβολὴν
1257 2425 1314 2487 καὶ
1328 2421 1475 2509 μεγάλην

337 2527 398 2615 τὴν
426 2527 581 2593 ἐπίδοσιν
611 2521 721 2592 αὐτῶν
743 2524 976 2612 παρεσκεύασε
1000 2533 1163 2612 γενέσθαι
1184 2529 1235 2591 M:
1267 2522 1415 2613 Ιἤρξαντο
1437 2529 1470 2589 R.

339 2633 442 2697 Verba
469 2633 588 2696 tradita
617 2625 740 2718 ἤρξατο
771 2639 803 2696 et
831 2629 1082 2716 apparatione,
1116 2651 1198 2713 quae
1227 2631 1406 2696 certissime
1435 2629 1474 2693 ad

338 2757 434 2800 unum
458 2743 580 2801 tantum
605 2725 838 2800 substantivum
860 2733 930 2817 (arla
952 2732 1118 2820 παρόντα)
1145 2731 1305 2818 χρόνον
1328 2734 1470 2814 redeunt,

337 2847 442 2906 cetera
464 2842 574 2916 verba,
600 2839 714 2921 quibus
737 2839 818 2902 illud
841 2837 1043 2903 coniunctum
1067 2838 1194 2920 legitur,
1220 2838 1278 2900 καὶ
1297 2835 1378 2913 τοὺς
1394 2861 1474 2919 συμ-

338 2945 615 3030 φιλοσοφοῦντας
639 2937 845 3027 ἀνθρώπους
867 2943 900 3004 in
922 2941 1145 3024 gravissimam
1174 2941 1391 3025 suspicionem
1422 2963 1474 3005 vo-

338 3055 422 3128 cant,
449 3067 552 3130 neque
575 3047 696 3128 dubito,
723 3045 847 3132 etiamsi
870 3044 948 3108 nihil
964 3044 1052 3109 aliud
1068 3045 1243 3122 accederet,
1270 3046 1322 3108 vel
1338 3045 1379 3108 ob
1396 3033 1475 3108 hano

337 3171 467 3214 oausam
491 3150 601 3234 spuria
622 3170 662 3213 ea
684 3149 838 3213 iudicare.
886 3149 999 3228 Neque
1022 3147 1107 3212 enim
1129 3147 1189 3210 hoo
1211 3147 1254 3211 ad
1272 3147 1474 3212 defendenda

337 3273 377 3316 ea
400 3254 540 3336 proferre
564 3253 639 3316 licet
661 3251 728 3315 fieri
751 3270 863 3334 posse,
897 3257 932 3314 ut
953 3251 1053 3314 verba
1075 3249 1166 3313 finita
1194 3249 1237 3313 ad
1266 3250 1370 3313 solum
1401 3251 1474 3314 sub-

337 3357 510 3421 stantivum
534 3353 658 3440 χρόνον
680 3354 871 3430 referantur,
897 3353 1015 3437 quippe
1038 3353 1123 3435 quod
1139 3353 1174 3416 in
1188 3353 1249 3416 hac
1264 3361 1358 3436 parte
1374 3355 1474 3418 maio-

337 3461 380 3526 ris
403 3460 552 3526 momenti
575 3460 617 3524 sit
638 3480 734 3543 quam
757 3457 789 3522 oi
813 3459 1150 3544 συμφιλοσοφοῦντες
1174 3451 1375 3542 ἄνθρωποι;
1401 3477 1474 3521 nam

339 3563 414 3628 talis
437 3570 596 3628 structura
618 3563 671 3626 vix
687 3562 813 3626 Graeca
836 3568 894 3640 est,
921 3560 1068 3644 Dionysii
1092 3566 1178 3624 certe
1199 3581 1263 3622 non
1278 3566 1338 3624 est.
1381 3559 1475 3624 Dilli-

337 3667 488 3731 cultatem
510 3666 639 3730 infimae
662 3665 777 3729 aetatis
807 3663 924 3744 aliquis
954 3665 1053 3728 lector
1082 3663 1159 3728 salis
1188 3663 1370 3746 perspexit,
1404 3684 1474 3728 cum

336 3765 480 3855 ἤρξαντο
504 3789 560 3852 pro
585 3765 706 3854 ἤρξατο
730 3767 898 3844 scriberet;
926 3766 1012 3830 idem
1036 3786 1109 3831 vero
1133 3765 1217 3848 quod
1240 3765 1474 3851 mopseustiam

337 3873 483 3954 reliquit,
518 3879 550 3937 et
576 3872 646 3955 ipse
675 3871 871 3952 singularem
902 3871 1069 3934 verborum
1103 3889 1269 3934 numerum
1299 3871 1474 3952 genuinum

337 3997 409 4042 esse
443 3977 567 4060 probat.
615 3977 763 4056 Pugnant
796 3978 903 4038 autem
937 3973 1036 4037 verba
1068 3972 1125 4034 καὶ
1158 3969 1235 4046 τοὺς
1263 3973 1474 4057 συμφιλοσο-

338 4087 487 4167 φοῦντας
511 4073 718 4165 ἀνθρώπους
739 4097 803 4142 non
826 4077 929 4142 solum
946 4097 1016 4141 cum
1033 4074 1242 4158 grammatica
1256 4075 1392 4154 ratione,
1419 4076 1474 4142 sed

337 4207 407 4251 cum
430 4168 498 4250 tota
520 4184 614 4248 etiam
638 4181 791 4266 prooemii
823 4179 1048 4264 dispositione,
1080 4200 1175 4261 quam
1204 4179 1273 4262 ipse
1299 4179 1474 4265 Dionysius

338 4310 410 4374 cap.
430 4295 447 4351 4
471 4289 514 4352 in.
542 4285 710 4368 significat.
759 4285 839 4347 Tres
862 4283 945 4347 enim
971 4289 1044 4346 sunt
1067 4288 1185 4365 partes,
1213 4302 1346 4362 quarum
1371 4285 1473 4370 prima

438 4636 1152 5102 »sm
