3224 5140
335 385 376 445 so
772 423 813 431 -
861 387 944 467 μοι]
991 421 1035 431 -

335 573 429 638 Certo
452 577 569 652 autem,
596 571 624 636 si
646 571 723 652 quid
745 572 849 654 video,
882 591 939 637 sex
962 573 1041 637 loeis
1059 571 1263 636 Florentinus
1286 579 1319 636 et
1341 573 1477 655 volgata

335 691 375 738 ex
398 673 609 738 Ambrosieno
633 675 853 756 corriguntur:

422 796 453 859 p.
474 779 579 839 488333
602 769 666 839 κάν
688 774 820 852 τούτοις
843 775 879 840 δὲ
903 769 1018 852 αὐτοῖς
1042 771 1190 857 ἀμείνων
1212 775 1283 842 ἐστὶ
1306 775 1348 840 τὰ
1370 776 1478 863 μικρὰ

336 877 392 940 καί
415 875 594 961 παράδοξα
618 879 674 941 καὶ
698 873 812 964 ἄπορα
836 877 946 943 εἰπεῖν
968 879 1076 953 καλῶς
1098 873 1118 964 ἢ
1141 876 1183 941 τὰ
1205 877 1370 963 μεγάλα
1402 882 1476 944 καὶ

336 977 470 1061 σεμνὰ
497 977 614 1062 [σεμνὰ
636 981 694 1044 καὶ
715 978 845 1064 μεγάλα
861 982 932 1063 Fit]
960 981 1017 1044 καὶ
1039 975 1170 1066 εὔπορα
1194 980 1355 1057 δυνατῶς.

420 1103 451 1166 p.
472 1087 578 1147 494333
602 1089 696 1168 τριχῇ
720 1083 756 1147 δέ
778 1088 1013 1171 νενεμημένων
1034 1080 1164 1148 τούτων
1180 1082 1227 1159 είς
1250 1107 1285 1148 τε
1306 1081 1344 1148 τὸ
1362 1091 1476 1170 πρᾶγ-

335 1209 382 1264 μα
406 1185 462 1249 καὶ
480 1183 522 1280 ,τὸ
548 1175 656 1272 ἦδος
679 1187 749 1250 καί
771 1184 816 1250 τὸ
840 1183 986 1262 πάθος
1006 1184 1135 1269 [πάθος
1157 1183 1267 1251 καὶτὸ
1285 1176 1471 1273 ἦδοςΕἩ].

335 1287 384 1352 Of.
410 1308 443 1370 p.
462 1291 537 1351 4951
562 1289 619 1351 καὶ
641 1286 701 1363 τὰς
725 1287 760 1353 ἐκ
783 1295 849 1354 τῶν
871 1283 986 1374 ἠθῶν
1009 1289 1045 1353 δὲ
1067 1290 1199 1370 (iterem,
1227 1311 1263 1373 με
1280 1290 1387 1373 oodd.)
1416 1295 1478 1354 πί-

335 1411 434 1464 στεις.
476 1393 551 1454 4961
576 1391 657 1476 περὶ
679 1391 715 1455 δέ
738 1389 779 1454 τὰ
802 1388 920 1478 πάθη
944 1389 1191 1477 μαλακώτερος.

420 1513 451 1576 p.
471 1495 577 1556 488123
602 1491 637 1557 ἐκ
660 1499 727 1558 τῶν
755 1493 934 1559 δικανικῶν
963 1490 1068 1580 αὐτὴν
1095 1494 1225 1576 μᾶλλον
1253 1491 1365 1578 λόγων
1392 1491 1414 1582 ἢ
1439 1494 1475 1561 ἐκ

335 1600 400 1659 τῶν
430 1596 813 1676 συμβουλευτικῶν
841 1619 883 1660 τε
913 1597 985 1660 καὶ
1015 1603 1323 1683 πανηγυρικῶν
1350 1601 1473 1686 [πανη-

335 1705 480 1783 γυρικῶν
501 1721 536 1763 τε
559 1699 617 1762 καὶ
638 1699 929 1780 συμβουλευτικῶν
943 1700 1015 1781 FR]
1043 1703 1223 1764 σκοπείτω.
1271 1699 1321 1764 Of.
1347 1719 1381 1785 p.
1395 1705 1474 1766 4883

335 1797 372 1864 τό
396 1824 431 1864 τε
455 1799 628 1866 δικανικὸν
658 1798 775 1865 καὶτὸ
800 1800 1084 1883 συμβουλευτικὸν
1113 1803 1170 1866 καί
1200 1799 1237 1867 τὸ
1261 1801 1474 1886 καλούμενον

335 1901 561 1969 ἐπιδεικτικὸν
583 1898 602 1990 ἢ
625 1901 866 1990 πανηγυρικόν.

420 2027 452 2090 p.
472 2010 563 2070 49613
586 2003 624 2072 τὸ
649 2007 686 2071 δὲ
709 2005 905 2094 παθητικὸν
928 2005 1049 2090 ἐκεῖνο,
1085 2005 1121 2074 ἐν
1144 1998 1169 2092 ᾧ
1192 2005 1407 2096 παράκλησίς
1437 2034 1472 2076 τε

335 2109 393 2172 καὶ
415 2109 563 2196 δέησις
585 2110 657 2174 καί
679 2109 799 2186 ἐλεος
823 2108 926 2193 [ἕλεος
948 2111 1005 2174 καὶ
1027 2110 1226 2197 δέησιςδΒ]
1256 2159 1321 2176 ...
1348 2110 1469 2178 ἔνεστι.

333 2211 441 2276 Verba
462 2208 674 2297 παράκλησίς
696 2235 731 2276 τε
754 2213 811 2276 καὶ
833 2212 946 2298 δέησις
973 2213 1079 2296 aptius
1109 2213 1347 2297 coniunguntur
1373 2236 1471 2298 quem

333 2310 544 2400 παράκλησίς
566 2338 600 2378 τε
624 2315 681 2378 καὶ
703 2313 806 2390 ἐ’λεος.

418 2437 451 2500 p.
478 2420 568 2481 59613
603 2415 640 2481 τὸ
676 2414 917 2501 ἐπιλεγόμενον
954 2415 1061 2502 τούτῳ
1096 2417 1146 2482 ἐ’τι
1178 2419 1309 2500 μᾶλλον
1343 2413 1472 2484 ἀκατά-

334 2539 453 2584 σκευον
475 2511 592 2584 εἶναι
615 2525 822 2606 φαίνεται
848 2521 1019 2605 [φαίνεται
1041 2513 1129 2584 εἶναι
1151 2519 1240 2603 ΡΜ.
1287 2521 1388 2587 Hiatu
1412 2543 1473 2588 ex·

334 2622 426 2704 pulso
448 2622 653 2687 Ambrosiani
674 2623 770 2688 leotio
792 2622 1043 2688 commendatur.

420 2745 452 2809 p.
473 2729 565 2789 47133
595 2722 771 2790 πάντων
801 2719 932 2790 αὐτὸν
962 2718 1079 2789 εἶναι
1110 2721 1303 2810 ῥητόρων
1329 2731 1471 2790 πιθα-

332 2823 525 2892 νώτατον
547 2829 597 2892 M:
629 2826 769 2893 πάντων
800 2824 952 2914 ῥητόρων
974 2821 1078 2891 αὐτὸν
1108 2821 1196 2892 εἶναι
1225 2824 1472 2895 πιθανώτατον

332 2931 403 2994 FR.
451 2929 659 2996 Artificiosior
674 2932 841 2995 verborum
864 2930 897 2994 in
912 2929 1124 2995 Ambrosiano
1146 2931 1331 3015 compositio
1355 2933 1472 3016 genui-

329 3033 405 3099 tatis
428 3034 567 3118 speeiem
590 3054 668 3117 prae
691 3053 727 3098 se
749 3033 823 3098 fert.

417 3137 496 3202 Tres
531 3143 654 3202 restant
687 3135 767 3216 loci,
805 3155 901 3218 quos,
944 3156 1014 3201 eum
1048 3135 1082 3200 in
1118 3135 1232 3202 oeteris
1262 3137 1469 3202 Ambrosiani

330 3237 550 3304 auctoritatem
574 3239 827 3322 cognoverimus,
855 3259 895 3303 ex
911 3238 1023 3303 eodem
1046 3239 1238 3303 constituere
1260 3259 1323 3303 non
1343 3240 1465 3305 dubito.

417 3362 449 3425 p.
468 3345 575 3406 469123
597 3341 653 3405 καὶ
672 3338 734 3426 γὰρ
751 3334 863 3427 ἡλικίᾳ
885 3341 942 3404 καὶ
957 3345 1047 3425 μένει
1068 3341 1126 3404 καί
1149 3337 1470 3427 ἐπιτηδεύματι

332 3444 404 3508 καὶ
426 3443 608 3529 παιδείᾳ
635 3442 785 3528 [παιδείᾳ
807 3443 865 3506 καί
888 3440 1130 3529 ἐπιτηδεύματι
1151 3443 1237 3525 FB}

418 3569 450 3632 p.
469 3551 575 3612 596123
596 3541 792 3634 ὑψηλότερα
815 3543 878 3632 γάρ
900 3545 970 3611 ἐστι
993 3547 1050 3610 καὶ
1071 3538 1172 3633 ἧττον
1195 3539 1469 3633 ἀφελέστερα

332 3649 510 3716 ἐκείνων
536 3649 684 3733 [ἐκείνων
711 3643 919 3736 ἀφελέστερα
942 3649 1027 3731 Flo.

417 3776 451 3838 p.
471 3758 562 3820 61833
586 3750 636 3829 οἷς
660 3752 696 3817 δέ
719 3755 861 3835 βεβαίας
891 3757 1076 3837 ποιησαι
1102 3747 1312 3832 βούλεται
1339 3750 1471 3834 [βούλε-

331 3879 386 3920 ται
409 3857 636 3942 ποιῆσαιΡΗ]
665 3853 725 3930 τὰς
747 3858 945 3940 μαρτυρίας.

868 4033 922 4097 IV.

417 4166 556 4248 Volgata
578 4163 765 4229 emendatur
787 4161 973 4228 Florentino
996 4182 1067 4226 oum
1090 4161 1302 4226 Ambrosiano
1332 4181 1473 4228 eonsen-

329 4271 429 4336 tiente
459 4269 492 4334 in
517 4276 658 4334 extrema
680 4266 835 4351 prooemii
865 4265 906 4330 de
929 4265 1069 4346 antiquis
1092 4264 1271 4329 oratoribus
1300 4272 1403 4348 parte,
1437 4267 1471 4331 in
