3224 5140
288 382 349 444 no
719 417 763 428 -
811 383 894 462 μοι]
942 420 985 430 -
1063 473 1064 477 .

285 568 354 649 έχει
376 568 481 654 μηδὲν
503 573 568 632 τῶν
584 568 781 632 σπουδαίων
800 566 959 654 ῥημάτων
982 563 1125 654 ἀμοιρον
1142 563 1231 654 ὥρας
1253 563 1343 634 εἶναι
1366 571 1426 633 καὶ

285 668 421 756 χάριτος
451 670 549 746 ἰδίας.
602 671 650 734 De
681 671 711 735 vi
742 672 830 736 vocis
862 669 1074 758 ἐπιτήδευσις
1107 673 1254 739 conferas
1284 695 1317 757 p.
1345 676 1426 737 9358

287 771 402 859 ψυχρά
429 772 491 858 γὰρ
525 767 805 860 ήπαρονομασία
834 775 890 838 καὶ
921 767 961 839 οὐ
991 775 1255 860 προσβάλλουσα
1289 775 1422 858 πάθος,

287 871 356 940 ἀλλ’
376 875 599 963 ἐπιτήδευσιν,
625 877 679 941 ubi
701 877 775 942 vide
799 877 923 943 Reiskii
945 887 1065 944 notam.

371 984 492 1044 verul
525 984 660 1065 γένηται
682 981 719 1043 R.

370 1105 402 1166 p.
425 1087 564 1147 loolnss
589 1077 628 1147 οὐ
651 1083 796 1164 τοῦμὲν
824 1079 868 1169 μή
900 1089 1077 1169 φθονήσαι
1105 1097 1176 1160 τοῖς
1206 1085 1313 1160 πέλας
1344 1080 1426 1150 οὐδὲ

286 1191 482 1272 μεμνῆσθαι
504 1197 575 1261 τοῖς
598 1187 705 1261 πέλας
728 1183 931 1250 παντάπασι
952 1191 1145 1273 κέχρηνται;
1172 1187 1221 1252 Μ;
1249 1191 1421 1274 κέχρηται·

286 1291 322 1353 R.
371 1290 483 1355 Utrum
505 1310 614 1354 verum
638 1289 688 1370 sit,
715 1289 748 1353 in
770 1291 840 1354 loeo
864 1290 1103 1373 corruptissimo
1126 1289 1191 1355 dioi
1213 1291 1335 1375 nequit.

372 1431 405 1493 p.
426 1412 551 1472 1056ss
577 1402 703 1484 Οὐδείς
732 1407 823 1474 ἐστιν
846 1407 882 1484 ὃς
906 1403 966 1490 οὐχ
990 1403 1228 1496 ὁμολογήσειεν
1253 1461 1259 1473 .
1282 1460 1288 1472 .
1310 1461 1316 1474 .
1335 1433 1427 1475 τοσ-

287 1509 373 1595 σύτφ
398 1511 574 1596 διαφέρειν
603 1509 663 1597 τήν
690 1506 812 1596 ἀρτίως
840 1517 1100 1598 παρατεθεῖσαν
1129 1513 1219 1592 λέξιν
1247 1521 1305 1601 τής
1336 1538 1427 1601 προ-

287 1619 396 1699 τέρας,
424 1608 493 1698 ήσω
517 1611 709 1678 διαλλάττει
737 1613 983 1701 πολεμιστήρια
1012 1615 1075 1697 μὲν
1101 1610 1193 1680 ὅπλα
1223 1639 1428 1704 πομπευτη-

288 1722 380 1803 ρλων,
409 1711 571 1803 ἀληθιναὶ
594 1717 631 1781 δὲ
653 1718 753 1782 laeli
775 1718 836 1782 litt.
864 1711 962 1801 ὄφεις
992 1715 1148 1783 εἰδώλων.
1196 1720 1270 1784 Mea
1292 1719 1425 1802 quidem

288 1821 448 1886 sententia
470 1821 549 1884 nihil
574 1821 785 1886 desideratur.

373 1945 404 2007 p.
427 1927 567 1987 106312ss
592 1913 688 1999 οὗτος
711 1920 751 2009 δή
767 1930 825 2009 τής
840 1918 1063 2009 ιιὲν1)ι’ῖάλλής
1079 1922 1280 2011 δεινότητος,
1307 1923 1326 2012 ἢ
1343 1928 1425 2011 περὶ

289 2025 349 2092 τὸν
377 2023 483 2112 ἀνδρα
512 2035 633 2092 τοῦτον
663 2025 804 2111 ἐγένετο,
839 2024 924 2090 κατὰ
953 2023 990 2091 τὸ
1015 2025 1166 2093 λεκτικὸν
1188 2028 1238 2092 έτι
1261 2028 1427 2108 διακνίζει

289 2130 344 2193 καλ
373 2141 578 2214 συκοφαντεῖ
604 2179 610 2191 .
633 2180 638 2192 .
662 2179 667 2191 .
699 2151 729 2214 p.
755 2135 849 2195 10645
874 2132 953 2215 περὶ
983 2130 1018 2195 δέ
1048 2138 1105 2218 τής
1135 2135 1329 2208 συνθέσεως
1359 2141 1427 2198 τῶν

254 2273 255 2280 .
290 2227 467 2312 ὀνομάτων
491 2226 589 2296 οὐδέν
612 2227 687 2297 οὔτε
711 2231 828 2314 μεῖζον
852 2227 869 2319 ἢ
892 2235 1108 2318 καταγέλωτα
1125 2239 1232 2321 φέρον
1256 2231 1289 2321 [ἥ
1310 2260 1353 2300 κα
1369 2241 1427 2320 γέ-

288 2336 377 2399 λιοτα
402 2339 517 2421 φέρων
531 2335 584 2417 R].
631 2336 781 2401 Reiskius
805 2337 940 2402 coniecit
963 2331 1038 2401 οὔτε
1061 2335 1178 2418 μεῖζον
1195 2332 1268 2402 οὔτ’
1284 2337 1427 2403 ἐ’λαττσν

288 2437 336 2512 εἷς
359 2438 574 2521 καταγέλωτα
598 2442 705 2523 φέρον
728 2443 887 2524 φαίνεται
908 2443 1126 2524 προενέγκας,

375 2581 406 2644 p.
431 2562 556 2624 1076sss
581 2556 698 2646 φεύγει
721 2559 774 2642 δὲ,
815 2553 875 2647 δσή
904 2557 1045 2643 δύναμις
1069 2554 1167 2646 αὐτῇ,
1202 2568 1269 2627 τῶν
1291 2555 1427 2648 ἡμιφώ-

288 2687 356 2728 νων
386 2686 420 2726 τε
449 2662 505 2726 καὶ
529 2657 675 2747 ἀφώνων
705 2660 912 2747 γραμμάτιον
939 2665 1002 2728 lae.
1025 2665 1148 2727 11-13
1172 2663 1232 2728 litt.
1256 2663 1260 2748 Ι
1281 2662 1341 2740 τὰς
1365 2688 1427 2729 σν-

290 2765 405 2849 ζνγίας
428 2767 470 2829 Μ.

753 2907 955 2915 ——-—.—=

748 3067 881 3148 caput
906 3065 957 3134 11.

390 3212 433 3266 Do
452 3212 585 3266 veterum
604 3225 680 3286 quse
698 3211 777 3280 opud
795 3211 972 3284 Dionysium
991 3211 1112 3266 exstent
1130 3210 1321 3277 fragmentis.

376 3349 589 3431 Antiquarum
612 3349 789 3414 litterarum
812 3349 974 3432 reliquias,
1002 3367 1081 3432 quos
1105 3351 1191 3414 solus
1214 3349 1281 3415 sere
1298 3351 1428 3434 Diony-

289 3451 356 3516 sius
379 3452 529 3532 servavit,
556 3453 593 3533 si,
628 3453 741 3535 quales
764 3452 796 3515 in
821 3451 1003 3516 Florentino
1033 3458 1065 3517 et
1086 3452 1119 3516 in
1142 3452 1353 3518 Ambrosiano
1376 3454 1429 3518 le-

288 3561 415 3637 guntur,
442 3562 614 3636 enotarem,
640 3575 703 3619 non
727 3555 879 3638 putabam
902 3573 953 3619 me
976 3553 1133 3619 fauturum
1157 3555 1241 3636 quod
1264 3555 1305 3620 ob
1327 3555 1427 3622 huius

288 3658 386 3723 libelli
410 3657 541 3722 oonsilio
565 3659 705 3723 alienum
728 3664 824 3722 osset.
871 3657 955 3720 Nam
985 3677 1056 3722 oum
1085 3665 1260 3724 ceterorum
1289 3659 1427 3742 scripto-

290 3781 356 3824 rurn
394 3781 493 3844 opero-
526 3782 547 3825 ε
575 3760 731 3843 Dionysio
769 3759 900 3823 laudato
937 3759 1043 3824 adhue
1079 3761 1206 3844 integra
1226 3767 1423 3843 'teneamus²

290 3865 478 3948 fragmentis
501 3864 567 3928 illis
590 3885 653 3928 non
676 3863 781 3928 minus
804 3883 899 3944 quarn
922 3861 1023 3946 ipsius
1048 3864 1196 3947 Dionysii
1220 3864 1348 3948 seriptis
1371 3885 1427 3930 re-

290 3967 458 4032 censendis
487 3966 617 4032 unioum
641 3966 716 4044 fero⁸
736 3972 768 4031 et
790 3964 962 4048 optimum,
996 3972 1104 4030 utres
1128 3974 1192 4047 est,
1227 3967 1426 4050 praesidinm

290 4070 495 4136 Florentinus
518 4076 550 4134 et
572 4068 801 4137 Ambrosianus
824 4067 972 4131 afferunt.

361 4296 377 4356 ¹)
400 4290 432 4358 δή
451 4295 497 4357 τῆς
515 4291 569 4362 μὲν
587 4289 702 4344 Reios:
726 4289 780 4359 μὲν
799 4287 833 4354 δή
851 4293 897 4354 τῆς
916 4288 986 4343 MR.
