3224 5140
624 425 667 434 -
716 391 799 471 [171]
846 425 889 436 -
1284 395 1325 458 ετ

273 595 305 659 p.
325 577 433 640 486133
456 569 626 661 εὑρετικὸς
648 573 712 663 γάρ
736 574 807 641 ἰστι
829 583 895 642 τῶν
920 628 927 641 .
949 627 955 640 .
977 627 984 640 .
1010 573 1121 662 λόγων
1143 571 1261 667 όάνὴρ
1286 573 1328 646 οὐ
1442 573 1445 578 ’

183 675 302 760 μόνον,
330 667 376 743 ὧν
399 671 550 754 άπαντες
573 671 622 744 άν
649 681 720 762 [om.
739 679 833 762 RN
860 673 1018 766 εὕροιμεν
1038 681 1109 744 κτλ.

273 803 305 868 p.
322 785 428 847 486133
452 776 551 848 οὐδὲν
567 781 630 869 γάρ
647 776 763 860 ἁπλῶς
778 787 915 860 Λυσίας
930 784 1138 870 παραλείπει
1153 791 1219 851 τῶν
1234 807 1327 850 στοι-

184 891 289 968 χείων
314 938 320 951 .
343 937 349 950 .
372 937 378 949 .
406 881 466 953 οάκ
490 882 595 964 αὐτὰς
618 883 679 964 τὰς
701 884 857 974 πράξεις,
888 881 928 953 οδ
950 883 1099 974 τρόπους
1122 913 1164 953 τε
1192 893 1262 972 [0111.
1282 891 1319 973 R]

183 991 242 1054 καί
265 989 377 1066 αἰτίας
400 986 519 1056 αὐτῶν.
1156 986 1158 990 ’

272 1114 306 1179 p.
325 1097 432 1159 487133
454 1101 521 1160 τῶν
542 1097 731 1180 κρατίστων
753 1093 789 1160 δὲ
812 1095 870 1159 καὶ
892 1091 1108 1181 κυριωτάτων
1124 1093 1322 1178 ἐκλεκτικός,

182 1197 214 1262 εἰ
237 1196 283 1284 μὴ
306 1198 363 1262 καὶ
385 1194 543 1280 μάλιστα,
570 1204 637 1263 τῶν
657 1192 697 1282 [γ’
715 1197 791 1291 ¹add.
811 1199 935 1282 Reisk.i
964 1193 1076 1264 άλλων
1099 1195 1251 1286 ῥητόρων
1267 1195 1326 1265 σά-

181 1297 282 1376 δενός
305 1324 348 1384 γε
375 1303 447 1383 [om.
466 1302 504 1382 R]
530 1291 641 1386 ἦττον.

271 1425 305 1488 p.
324 1407 417 1469 487⁵s
440 1405 511 1468 καὶ
538 1406 611 1486 [om.
630 1405 668 1486 R]
695 1404 775 1490 περὶ
797 1402 857 1480 τὰς
887 1403 1083 1491 ἐξεργασίας
1106 1412 1172 1471 τῶν
1195 1404 1323 1488 έπιχει-

183 1503 345 1593 ρημάτων
368 1501 496 1594 ἀφελής
519 1530 569 1582 τις
596 1555 630 1570 ..
657 1505 729 1571 ἐστί
753 1557 759 1570 .

270 1632 302 1694 p.
323 1613 430 1676 487133
461 1605 536 1675 οὔτε
565 1608 628 1696 γὰρ
659 1621 952 1694 προκατασκευαῖς
982 1604 1054 1676 οὔτ’
1080 1609 1219 1697 ἐφόδοις
1247 1609 1323 1678 οὔτε

183 1725 362 1799 μερισμοῖς
389 1763 395 1776 .
425 1763 431 1776 .
460 1763 466 1776 .
499 1708 575 1778 οὔτε
598 1725 672 1789 ταῖς
696 1707 814 1789 άλλαις
837 1715 963 1796 ταῑςῑ)
994 1717 1067 1795 [om.
1086 1717 1123 1796 R]
1151 1713 1324 1792 τοιαύταις

184 1821 411 1902 πανουργίαις
434 1810 623 1902 εὑρίσκεται
645 1813 831 1900 χρώμενος,
860 1810 936 1880 ἀλλ’
955 1815 1047 1882 έστιν
1070 1811 1250 1901 ἀπέριττός
1273 1842 1324 1894 τις

184 1917 441 2005 ἐλευθέριός
474 1943 516 1984 τε
543 1920 610 2001 [καὶ
637 1916 818 2002 ἐλεύθερος
840 1921 877 2001 R]
905 1920 961 1984 καλ
992 1914 1164 2007 ἀπόνηρος
1192 1921 1324 1988 οἰκονο-

183 2030 291 2109 μῆσαι
314 2021 356 2086 τά
379 2016 575 2108 εὑρεθέντα.
617 2021 653 2088 έκ
676 2020 722 2109 δίη
751 2022 798 2106 [δὲ
816 2023 853 2104 R]
880 2020 1010 2088 τούτων
1032 2025 1101 2087 κτλ.

270 2147 302 2210 p.
323 2128 415 2190 48813
438 2132 534 2211 τριχῇ
558 2124 594 2190 δέ
613 2130 843 2212 νενεμημένου
866 2132 926 2191 τοῦ
948 2125 1127 2213 ῥητορικοῦ
1141 2124 1244 2212 λόγου
1266 2130 1323 2193 καὶ

182 2233 260 2314 τρία
283 2226 547 2315 περιειληφότος
570 2226 764 2315 διάφορα
787 2241 877 2305 τοῖς
901 2230 1044 2294 τέλεσι
1070 2233 1142 2312 [om.
1165 2232 1202 2313 R]
1229 2236 1319 2319 γένη.

270 2354 303 2416 p.
323 2335 444 2396 4881ass
466 2330 523 2396 ἵνα
547 2331 583 2396 δὲ
606 2332 663 2396 καὶ
693 2332 772 2417 περὶ
796 2339 861 2398 τῶν
884 2331 982 2398 ἰδεῶν
1005 2331 1179 2418 ἐγγένηταί
1200 2353 1259 2415 μὀι
1282 2333 1322 2398 τά

181 2432 400 2522 προσήκοντα
416 2433 536 2514 εἰπεῖν,
564 2431 653 2500 ἰάσω
669 2459 704 2500 τε
714 2439 736 2519 ²)
763 2442 869 2500 ταῦτα
893 2441 992 2519 περί
1015 2460 1056 2500 τε
1078 2443 1322 2522 προοιμίων

185 2539 277 2625 [περὶ
301 2537 338 2603 δὲ
361 2542 545 2624 προοιμίου
568 2539 605 2621 R]
632 2539 688 2602 καὶ
712 2535 897 2626 διηγήσεων
919 2539 976 2602 καὶ
997 2545 1063 2604 τῶν
1080 2533 1191 2606 άλλων
1212 2547 1324 2628 μερῶν

182 2649 244 2708 τοῦ
267 2638 371 2725 λόγου
392 2641 462 2705 καὶ
489 2644 559 2724 [om.
579 2634 625 2724 R]
645 2641 842 2724 διαλέξομαι
863 2642 920 2708 καὶ
942 2639 1080 2730 δηλώσω
1103 2643 1173 2706 κτλ.

269 2767 302 2830 p.
323 2749 400 2809 4901
423 2742 484 2821 τὰς
507 2743 618 2820 αἰτίας
640 2751 776 2830 πρῶτον
795 2739 982 2812 ἀπολύεται
1004 2743 1063 2822 τὰς
1086 2741 1170 2809 καθ’
1189 2740 1322 2813 αὑτοῦ

183 2847 319 2931 λέαυτοῦ
338 2850 392 2932 Ri.

270 2972 303 3036 p.
322 2954 414 3016 49963
443 2950 519 3015 τοτὲ
550 2949 586 3015 δὲ
616 2948 676 3036 τὴν
705 2944 891 3016 ἀσθένειαν
919 2947 980 3036 την
1009 2948 1188 3015 ἰδίαν...
1214 2943 1321 3016 ὑπο-

180 3055 380 3120 δείκνυσι
407 3047 639 3136 [άποδείκνυσι
657 3053 789 3138 RFpr.i

198 3165 203 3184 ¹
268 3179 300 3242 p.
322 3161 399 3222 4911
424 3151 778 3243 ἀπροοιμιάστως
801 3155 905 3220 ποτὲ
933 3148 1213 3240 [άπροοιμίαστός
1234 3179 1319 3222 ποτε

178 3264 218 3343 R}
246 3260 412 3342 εἰσέβαλε.

268 3385 300 3448 p.
320 3365 427 3427 491113
450 3369 549 3428 τοῦτο
572 3363 630 3426 καί
653 3360 685 3426 οἱ
707 3358 859 3446 λόγους3]
887 3354 1021 3444 ὀλίγους
1048 3357 1242 3445 γράψαντες
1265 3355 1320 3428 εὑ-

177 3473 357 3553 ρίσκονται
389 3462 624 3542 πεπονθότες·
663 3465 747 3548 λέγω
779 3463 815 3528 δέ
849 3461 886 3527 τὸ
922 3475 993 3538 τοῖς
1016 3457 1131 3540 αὐτοῖς
1163 3462 1320 3547 ἐπιβα-

177 3574 301 3653 λεῖνδ)
333 3566 542 3652 [ἐπιβάλλειν
563 3570 601 3651 R]
628 3563 759 3643 τόποις.

268 3695 300 3758 p.
317 3677 423 3738 492133
440 3668 595 3757 οὔτεγὰρ
609 3666 745 3737 εὔνοιαν
755 3677 891 3756 κινῆσαι
902 3666 1109 3752 βουλόμενος
1122 3665 1197 3736 οὔτε
1210 3693 1319 3757 προσ-

179 3777 265 3864 οχὴν
290 3828 297 3841 .
320 3828 326 3840 .
353 3771 548 3862 ἀτυχήσειεν
572 3769 621 3840 άν
647 3777 718 3857 [om.
740 3775 777 3856 R]
806 3796 890 3837 ποτε
913 3780 973 3838 τοῦ
996 3781 1138 3839 σκοποῦ.

268 3903 299 3965 p.
314 3884 420 3944 4921κ3
433 3876 493 3954 τὰς
509 3881 628 3960 τέχνας
644 3884 709 3943 τῶν
721 3873 831 3962 λόγων
844 3874 880 3942 έν
900 3872 963 3952 αῖς
979 3872 1088 3960 [dcli]
1105 3875 1234 3963 εἴρηται
1245 3877 1315 3939 κτλ.

253 4054 268 4112 ¹}
291 4048 333 4105 cf.
355 4068 382 4119 p.
398 4051 479 4101 65911
509 4051 520 4114 ΙΙ
556 4050 574 4114 2)
596 4068 624 4102 τε
642 4049 756 4117 volgata
774 4052 839 4101 ante
857 4047 1023 4117 Taylorum,
1051 4048 1099 4117 qui
1116 4047 1170 4116 μὲν
1188 4046 1315 4114 scripsit;

177 4135 374 4205 comprobavit
401 4134 473 4189 hanc
499 4136 686 4190 coniecturam
712 4132 857 4188 Reiskius.
895 4133 923 4186 τὲ
938 4133 966 4186 Μ
1004 4135 1015 4197 ΙΙ
1055 4131 1075 4195 ³)
1096 4128 1198 4200 λόγους
1221 4131 1316 4198 Tegge

176 4222 381 4288 Quaestionum
395 4221 429 4275 δε
443 4219 562 4290 Dionysi
574 4218 814 4274 Halicarnasensis
831 4235 884 4272 usu
901 4217 1136 4288 praepositionum
1151 4217 1289 4285 specimen
1304 4217 1316 4268 Ι

178 4307 341 4380 Gryphisw.
365 4308 429 4358 1876
448 4322 475 4374 p.
490 4308 538 4356 402
565 4302 631 4363 τοὺς
649 4306 729 4360 codd.
761 4306 772 4366 ii
812 4305 832 4366 4)
854 4301 1006 4371 ἔπίμαλεῖν,
1030 4307 1140 4357 acutum
1160 4303 1213 4356 del.
1232 4301 1279 4354 Fi.
