3182 5136
311 355 374 418 ιοο
746 379 790 401 -
838 353 921 435 [274]
969 387 1013 398 -

310 540 548 626 comparativus
563 561 636 606 oum
651 540 792 627 pondere
807 540 945 625 quodam
960 539 1085 624 positus
1102 540 1152 622 sit,
1180 559 1220 610 ea
1234 539 1344 621 verba,
1371 557 1450 621 quae

309 643 447 728 primum
470 645 562 710 ooion
585 653 674 711 trans
697 644 948 729 comparativum
979 641 1233 728 ἐπιτυχέστεροι
1259 642 1447 726 producunt,

308 761 328 813 u
350 747 501 832 Dionysii
523 748 630 814 verbis
652 749 736 814 ultro
758 745 921 814 exoidunt.

396 900 488 978 Quae
514 923 590 968 num
612 901 753 968 delendo
783 901 862 981 sint,
896 900 924 966 si
946 899 1018 983 quis
1049 899 1154 965 adhue
1180 898 1322 982 dubitet,
1357 919 1450 984 spero

307 1005 455 1072 eiusdem
476 1005 716 1091 interpolatoris
738 1025 836 1070 mann
859 1005 988 1089 cognita
1016 1011 1102 1070 oerto
1129 1024 1255 1070 meeum
1285 1025 1359 1070 eum
1383 1005 1451 1070 fao-

309 1115 415 1174 turnm
438 1127 520 1174 esse.
568 1109 619 1174 De
641 1109 806 1174 Platonica
828 1107 967 1174 dialecto
989 1106 1166 1191 Dionysius
1188 1128 1220 1192 p.
1241 1111 1363 1172 96412ss
1386 1107 1449 1172 ita:

305 1205 353 1277 ‘H
373 1211 410 1277 δὲ
433 1209 471 1298 δὴ
488 1209 690 1298 Πλατωνικὴ
715 1208 888 1287 διάλεκτος
903 1205 1070 1293 βούλεται
1092 1210 1155 1292 μὲν
1178 1204 1347 1276 εἶναικαὶ
1370 1205 1452 1296 αὕτη

309 1319 418 1400 μίγμα
442 1313 610 1400 ἑκατέρων
632 1321 698 1380 τῶν
719 1311 942 1401 χαρακτήρων
963 1319 1074 1378 τοῦτο
1089 1307 1226 1400 ὑψηλοῦ
1248 1315 1306 1378 καὶ
1322 1312 1448 1396 ἰσχνοῦ,

310 1414 473 1503 καθάπερ
497 1415 627 1503 εἴρηταί
648 1440 708 1500 μοι
730 1413 909 1503 πρότερον,
935 1421 1068 1503 πέφυκε
1093 1411 1121 1482 δ’
1142 1411 1202 1498 οὐχ
1223 1411 1351 1499 ὁμοίιος
1367 1414 1453 1504 πρὸς

311 1513 527 1606 ἀμφοτέρους
561 1516 640 1596 τοὺς
673 1527 887 1607 χαρακτῆρας
917 1514 1067 1605 εὐτυχής.
1100 1513 1185 1585 ὅταν
1211 1519 1275 1602 μὲν
1305 1509 1367 1586 οὖν
1396 1519 1454 1608 την

311 1621 431 1709 ἰσχνὴν
455 1674 462 1688 .
485 1673 520 1688 ..
548 1619 727 1710 ἐπιτηδεύῃ
752 1619 891 1709 φράσιν,
925 1619 1078 1698 ἐκτόπως
1100 1613 1197 1709 ἡδεῖά
1221 1619 1293 1688 ἐστι
1315 1624 1373 1686 καὶ
1397 1646 1454 1710 φι-

311 1722 521 1809 λάνθρωπος
536 1765 546 1790 ·.
569 1776 575 1789 .
597 1776 603 1790 .
629 1747 662 1810 p.
681 1728 772 1790 96515
797 1719 880 1792 ὅταν
902 1719 935 1790 δ’
954 1723 1002 1802 εἰς
1025 1722 1086 1813 τὴν
1108 1725 1394 1811 περιττολογίαν.
1416 1777 1422 1790 .
1445 1775 1450 1789 .

311 1823 459 1913 ἀμετρσν
481 1822 591 1914 ὁρμὴν
612 1825 709 1912 λάβῃ,
735 1828 852 1912 πολλῷ
874 1833 997 1913 χείριον
1016 1825 1136 1915 ἑαυτῆς
1152 1832 1291 1913 γίνεται.
1318 1824 1454 1912 καὶγὰρ

313 1926 499 2018 ἀηδεστέρα
523 1938 580 2018 τῆς
604 1930 721 2018 ἑτέρας
743 1932 800 1996 καὶ
822 1929 940 1998 κάκιον
959 1931 1183 2018 ,ἑλληνίζουσα
1206 1933 1263 1996 καὶ
1278 1937 1454 2018 παχυτέρα

313 2039 474 2122 φαίνεται
491 2087 499 2099 .
516 2084 523 2098 .
546 2086 552 2101 .
595 2035 759 2115 „Platonis
775 2035 943 2112 dialeotus,
970 2036 999 2101 si
1013 2025 1143 2118 quondo
1160 2035 1324 2101 adrerum
1340 2055 1454 2120 super-

312 2159 488 2205 vacuarum
511 2139 727 2222 expositiones
750 2159 785 2204 se
808 2138 974 2216 convertit,
1000 2159 1096 2221 quam
1119 2139 1192 2224 ipso
1210 2138 1301 2222 peior
1315 2138 1367 2218 fit;
1394 2140 1454 2205 mi-

310 2261 372 2310 nus
394 2241 479 2307 enim
502 2261 598 2325 quam
621 2243 724 2308 altera
746 2241 856 2306 suevis
880 2247 963 2306 est.“
1010 2242 1059 2306 De
1088 2243 1154 2306 alia
1182 2242 1320 2308 dialecto
1350 2261 1454 2308 sermo

309 2365 375 2410 non
397 2344 449 2410 iit:
483 2343 663 2410 desudem
694 2345 800 2431 potius
824 2351 856 2410 et
884 2348 1006 2431 χείρων
1036 2343 1156 2432 ἑαυτῆς
1186 2345 1303 2410 dieitur
1330 2353 1363 2412 et
1394 2339 1455 2432 ἀη-

311 2448 453 2533 δεστέρα
476 2454 534 2534 τῆς
557 2445 684 2533 ἑτέρας,
712 2448 797 2530 quod
820 2455 1015 2532 quantopere
1038 2449 1080 2514 sit
1102 2449 1295 2532 absurdum,
1321 2450 1357 2514 in
1379 2470 1453 2534 pro-

310 2550 422 2636 patulo
444 2556 503 2616 est.
552 2551 659 2616 Verba
682 2556 739 2636 της
763 2548 879 2635 ἑτέρας
901 2551 1096 2635 interpolata
1117 2571 1190 2618 esse
1211 2551 1308 2634 idque
1332 2553 1374 2617 ab
1398 2573 1454 2618 eo-

310 2653 386 2720 dem
408 2653 471 2719 nisi
495 2653 626 2737 egregie
648 2651 744 2718 failor
766 2653 936 2738 Graeculo,
970 2654 1020 2719 oui
1043 2655 1148 2740 priore
1171 2656 1242 2721 looo
1265 2655 1366 2721 verba
1389 2661 1455 2721 τῶν

312 2756 437 2843 ἑτέρων
459 2756 624 2838 debentur,
655 2763 688 2822 et
715 2757 796 2822 ratio
827 2757 920 2823 dooet
949 2765 982 2824 et
1011 2759 1100 2824 loous
1130 2758 1289 2842 epistulae
1319 2759 1363 2824 ad
1392 2758 1452 2825 Cn.

311 2860 499 2946 Pompeium
517 2861 640 2946 probat,
666 2860 721 2926 ubi
737 2859 851 2925 eadem
874 2861 1010 2944 repetita
1031 2862 1191 2946 leguntur,
1218 2883 1250 2946 p.
1268 2865 1375 2927 75911s
1397 2864 1454 2927 καὶ

312 2961 375 3051 μὰρ
407 2956 592 3052 ἀηδεστέρα
620 2964 677 3028 καὶ
699 2961 817 3028 κάκιον
840 2961 1059 3050 ἑλληνίζουσα
1087 2965 1144 3028 καὶ
1170 2969 1348 3051 παχυτέρα
1373 2971 1455 3053 φαί-

311 3090 420 3136 νεταιε
454 3067 510 3133 ubi
532 3074 590 3153 τῆς
613 3065 746 3153 ἑτέρας,
773 3065 858 3149 quod
878 3067 974 3149 ‘volgo
1000 3072 1072 3150 post
1095 3061 1280 3154 ἀηδεστέρα
1310 3069 1452 3148 additur,

311 3168 522 3238 aoodioibus
545 3170 578 3234 M
601 3176 633 3236 et
655 3169 721 3235 AO
745 3169 852 3235 Gnosii
881 3170 1058 3236 rectissime
1092 3171 1201 3250 abest3
1242 3171 1282 3239 de
1305 3172 1453 3238 Palatino

312 3273 391 3339 mihi
423 3293 488 3352 non
521 3279 646 3338 constat
673 3273 728 3356 (os.
756 3293 839 3356 quae
872 3293 947 3357 pag.
976 3278 1014 3338 15
1049 3273 1117 3338 dixi
1146 3274 1189 3339 ad
1218 3294 1251 3359 p.
1270 3277 1342 3342 2612
1372 3277 1454 3342 Her·

313 3376 442 3462 werd).
491 3377 699 3460 Summopere
715 3381 821 3442 autem
843 3375 976 3456 mireris,
1005 3377 1090 3458 quod
1104 3377 1340 3444 Herwerdenus
1357 3379 1453 3444 etiam

311 3479 414 3544 invito
445 3479 574 3563 „eodioe
599 3465 680 3546 'suo‘
711 3481 810 3546 verba
837 3487 896 3566 τῆς
925 3477 1041 3565 ἑτέρας
1070 3501 1088 3546 e
1117 3481 1248 3563 volgata
1276 3483 1451 3548 revocavit.

286 3581 405 3660 ‘Quae
439 3589 472 3651 et
504 3582 565 3649 hoo
598 3582 639 3649 de
673 3603 734 3665 quo
768 3570 874 3666 agitur
909 3584 979 3650 looo
1013 3605 1054 3650 ex
1087 3584 1275 3650 auctoritate
1309 3585 1455 3652 codicum

313 3685 347 3750 M
369 3691 401 3750 et
423 3685 486 3750 ΑΟ
509 3706 541 3770 p.
562 3689 651 3750 75911
678 3685 816 3766 deiende
838 3706 941 3770 neque
969 3687 1026 3752 illo
1055 3688 1125 3753 looo
1155 3707 1194 3753 ex
1217 3687 1283 3752 hoo¹
1304 3688 1454 3756 addenda

310 3793 398 3854 snut.
1201 3828 1204 3836 ›

298 4018 302 4028 Ὺ
400 3964 433 4027 p.
450 3947 571 4036 54311ss
587 3937 712 4027 Ἔμωχέ
728 3963 816 4029 φημι
831 3950 952 4030 χρῆναι
967 3941 1045 4020 τοὺς
1060 3945 1246 4036 μέλλοντας
1261 3939 1336 4026 οὐχὶ
1352 3953 1454 4033 μέρος

314 4071 347 4112 τι
362 4053 421 4134 τῆς
433 4045 609 4132 πολιτικῆς
625 4042 809 4140 δυνάμεως,
830 4041 899 4112 ἀλλ’
915 4041 996 4134 δ’λην
1008 4042 1113 4134 αὐτην
1124 4046 1455 4135 κτήσασθαιτοῦτον

317 4149 408 4232 ἔχειν
423 4145 483 4215 τὸν
498 4146 623 4236 ῥήτορα
640 4147 696 4214 διὰ
710 4146 833 4234 χειρός.
873 4151 1022 4234 Conigas
1044 4148 1290 4238 κτήσεσθαι.
1330 4153 1455 4240 Diony-

315 4253 385 4320 sius
406 4253 440 4319 in
463 4252 590 4337 seriptis
612 4252 778 4318 rhetoricis
793 4253 1082 4334 τέτοκα-’μέλλειν
1103 4255 1233 4339 saepius
1263 4273 1336 4321 oum
1359 4277 1455 4342 prae-
