3224 5140
321 329 382 392 rac
753 361 798 372 -
844 326 927 407 [ros]
974 360 1019 372 -

321 511 384 577 nisi
412 512 446 576 in
474 513 616 578 minutiis
644 512 679 577 id
700 509 894 578 leventurum
926 509 1065 592 conicio,
1099 517 1263 594 quantum¹
1282 512 1411 596 quidem
1439 534 1456 579 e

320 613 511 680 lectionibus
535 615 678 680 codicum
694 614 910 680 Parisinorum
925 613 987 678 AB
1009 635 1030 678 a
1045 613 1160 679 Grosio
1183 615 1321 680 enotatis
1340 635 1456 699 cogno

321 736 411 782 scere
433 717 519 783 lieet.
560 718 598 783 ln
619 718 700 784 libro
724 718 764 787 de
779 739 808 783 e.
826 739 857 784 v.
876 711 1128 788 nova'subsidia
1150 724 1264 786 nactus
1283 739 1347 784 non
1366 739 1452 800 sum,

321 820 355 885 in
378 820 487 885 libello
510 820 550 886 de
572 820 771 905 Thucydidis
794 820 954 886 idiomatis
964 821 1109 886 maxime
1124 820 1251 887 codices
1267 821 1458 888 Laurentia-

321 941 380 988 uos
402 924 482 1006 plut.
500 923 605 988 LVIII
622 927 662 986 22
691 924 737 1007 (A)
765 923 1033 1006 etplut.LlX11
1064 923 1109 1005 (L)
1144 907 1274 989 secutus
1305 927 1379 989 sum'
1406 926 1454 1005 (cf.

321 1045 397 1110 pag.
416 1027 461 1110 9),
494 1046 626 1109 quorum
649 1027 805 1092 lectiones
833 1027 874 1092 ab
897 1025 1199 1092 Herwerdeno'uon
1221 1046 1350 1112 semper
1372 1036 1458 1094 recte

321 1128 500 1213 exscriptae
515 1135 598 1194 sunt.
639 1131 679 1194 Ei
696 1129 821 1196 codices
838 1136 912 1194 sunt
926 1129 1070 1214 pessimi,
1097 1129 1187 1214 peior
1201 1129 1237 1212 L,
1264 1131 1376 1214 paullo
1391 1152 1458 1196 me-

321 1231 382 1296 lior
396 1231 441 1310 A;
471 1251 581 1297 omnes
605 1253 713 1297 eorum
737 1252 859 1298 errores
891 1237 1020 1298 enotare
1049 1232 1161 1297 inutile
1191 1238 1255 1314 est,
1289 1253 1361 1298 eum
1393 1235 1458 1300 solo

323 1333 469 1398 Parisino
491 1334 569 1400 bibl.
595 1336 683 1420 publ.
708 1358 740 1400 n.
762 1339 840 1398 1741
866 1335 961 1400 huius
984 1334 1087 1400 libelli
1109 1335 1252 1400 recensio
1275 1335 1407 1402 nitatur.

409 1455 556 1538 Dionysii
579 1457 753 1541 exemplar,
780 1461 933 1538 quantum
956 1462 1113 1540 superest,
1141 1475 1212 1520 cum
1228 1454 1371 1522 Bekkeri
1391 1457 1459 1521 edi-

321 1558 408 1623 tione
430 1557 551 1623 minore
574 1559 703 1635 contuli.
752 1559 816 1624 Eos
839 1565 947 1624 autem
970 1559 1066 1640 locos,
1097 1578 1176 1642 quos
1199 1579 1257 1641 per
1278 1559 1339 1624 hoe
1362 1567 1458 1644 caput

322 1682 384 1726 non
407 1661 557 1745 tetigero,
591 1661 718 1726 eosdem
746 1661 833 1748 apud
855 1661 1046 1746 Dionysium
1070 1667 1103 1728 et
1124 1659 1349 1748 Thucydidem
1373 1663 1459 1728 Bek-

321 1763 393 1829 keri
416 1765 481 1848 legi
510 1771 605 1850 puta;
640 1772 713 1832 sunt
742 1765 825 1833 enim
854 1764 1016 1845 nonnulli,
1050 1765 1104 1850 qui
1133 1770 1220 1830 reete
1248 1765 1281 1830 in
1310 1765 1457 1852 Dionysii

322 1867 495 1950 codicibus,
521 1868 554 1932 in
577 1867 770 1936 editionibus
793 1869 876 1934 male
899 1865 1122 1932 exhibeantur.
1167 1951 1170 1956 ,

408 1989 645 2070 Nonnunquam
663 1987 862 2073 Thucydidis
885 1988 995 2072 aliqua
1016 1989 1117 2054 rerba
1139 1987 1277 2055 diversis
1300 1989 1380 2054 locis
1403 2009 1460 2056 ex-

280 2161 282 2167 ,
323 2091 420 2157 citata
443 2111 506 2157 non
524 2111 654 2176 prorsus
669 2092 753 2160 inter
768 2111 804 2160 se
826 2091 1010 2170 concinunt,
1038 2111 1147 2159 earum
1170 2091 1458 2179 discrepantiarum

323 2215 406 2278 quae
428 2195 462 2258 in
485 2193 743 2261 adnotationibus
766 2195 964 2280 perscriptae
994 2214 1057 2264 nou
1081 2200 1189 2276 erunt,
1223 2194 1256 2260 in
1279 2195 1458 2280 appendice

323 2297 493 2364 addentur.

409 2418 561 2486 (lodicum
576 2417 848 2502 Thucydidiorum
871 2417 1004 2486 adhibui
1019 2417 1160 2486 Bekkeri
1180 2417 1252 2500 BG,
1271 2417 1456 2501 ADEFG,

324 2520 439 2590 Stablii
462 2521 695 2588 Londinensem
719 2521 797 2604 M1),
823 2521 870 2586 ita
892 2527 1017 2604 tamen,
1044 2528 1079 2588 ut
1099 2539 1158 2605 per
1183 2521 1300 2586 librum
1322 2521 1458 2604 primum

323 2631 355 2692 et
378 2623 551 2692 secundum
580 2625 615 2689 in
644 2623 812 2692 enotandis
841 2623 986 2690 codicum
1008 2624 1067 2690 Be
1096 2623 1288 2690 lectionibus
1318 2624 1458 2690 maxime

323 2727 543 2812 Schoenium2)
571 2747 732 2810 sequerer,
759 2733 926 2813 praeterea
947 2727 1058 2812 paucis
1081 2727 1160 2794 locis
1179 2725 1322 2794 Bekkeri
1344 2726 1458 2792 editio-
1563 2803 1569 2818 ι

323 2851 395 2896 nem
418 2831 572 2897 maiorem
594 2831 804 2898 consulerem.

409 2952 496 3018 Inter
519 2971 574 3018 eos
597 2951 723 3017 codices
747 2951 827 3018 haee
849 2950 930 3017 ratio
952 2949 1137 3031 intercedit,
1164 2956 1198 3014 ut
1221 2949 1458 3014 Laurentianus

324 3056 348 3122 D
376 3056 471 3140 (saec.
496 3055 537 3140 X)
571 3060 603 3120 et
625 3054 847 3120 VaticanusB
875 3054 971 3132 (saec.
997 3053 1053 3135 XI)
1093 3052 1205 3136 optimi
1235 3052 1315 3132 sint,
1349 3053 1461 3118 melior

324 3165 430 3224 tamen
452 3157 698 3239 Laurentianus,
732 3177 867 3239 quocum
889 3157 1077 3241 plerumque
1099 3155 1302 3222 Monacensis
1324 3154 1354 3219 G
1382 3175 1459 3220 con-

323 3258 419 3344 gruit,
445 3278 543 3344 saepe
559 3259 725 3328 Palatinus
739 3260 779 3328 Ε.
825 3258 1017 3328 Vaticanum
1040 3263 1214 3340 sequuntur
1236 3256 1304 3322 fere
1319 3257 1459 3340 Oisalpi-

323 3381 383 3429 nus
399 3363 428 3428 Α
442 3369 474 3428 et
489 3363 696 3446 Augustanus
711 3363 749 3428 F.
797 3361 1009 3428 Londinensis
1023 3361 1068 3428 ΜΒ
1087 3366 1120 3428 et
1138 3360 1321 3427 Marcianus
1338 3359 1368 3422 D
1388 3381 1459 3426 cum

324 3464 488 3532 codicibus
510 3466 608 3532 aun
631 3466 831 3550 potIssimum
854 3464 1050 3549 conspirant.

410 3584 638 3662 Quaestionem
660 3586 707 3651 ita
728 3583 934 3651 dividendam
966 3585 1094 3668 putavi,
1129 3589 1164 3647 ut
1192 3582 1298 3666 priore
1328 3583 1398 3646 loco
1421 3583 1460 3646 de

326 3689 473 3772 Dionysii
497 3689 689 3772 exemplaris
712 3709 786 3754 cum
805 3687 1004 3772 Thucydidis
1027 3687 1081 3769 qui
1103 3692 1276 3770 supersunt
1298 3685 1460 3751 codicibus

325 3811 484 3858 consensu
507 3791 707 3876 dispicerem,
734 3791 909 3875 posteriore
931 3791 972 3856 de
993 3789 1153 3856 dissensu.

397 4052 414 4115 ¹)
436 4051 545 4104 Erroris
564 4049 670 4102 vitandi
689 4064 774 4102 causa
793 4048 997 4102 Londinensem
1016 4049 1112 4101 notavi
1131 4048 1183 4099 MS.
1198 4050 1209 4112 11
1244 4048 1262 4112 2)
1284 4045 1461 4116 Thucydidis

325 4137 390 4190 libri
408 4137 421 4190 I
440 4141 468 4190 et
486 4137 515 4190 II
538 4151 572 4190 er
596 4137 757 4190 recensione
775 4133 900 4188 Behkeri
928 4136 956 4188 in
975 4150 1055 4188 usum
1079 4133 1236 4188 scholarum
1255 4133 1344 4188 edidit
1361 4126 1461 4186 Alfred

325 4221 459 4287 Schoene,
481 4221 603 4275 Berolini
620 4221 694 4288 apud
713 4221 911 4276 Weidmannos
933 4222 1007 4272 lert.
