3224 5140
303 373 343 435 98
456 341 460 348 ’
736 408 780 418 -
827 372 911 453 [188]
957 407 1002 418 -

333 545 335 550 ’
389 580 420 643 p.
449 561 559 623 102388
590 563 796 640 κοσμοῦντος
826 552 962 638 ἀπάντα
999 559 1057 622 καὶ
1090 556 1443 643 χρωματίζοντος

307 661 581 748 [χρηματίζοντος
604 662 640 744 R]
667 668 706 746 τῇ
729 659 908 746 πρεπούσῃ
930 655 1119 747 ὑποκρίσει.

388 787 421 849 p.
443 768 537 829 10238
563 759 836 848 ἀνάγνωσμα;
868 758 1052 849 ἀνάγνωμα
1075 767 1113 829 R.

388 889 420 952 p.
443 871 568 934 1023888
592 861 689 933 αὐτοὶ
716 864 912 932 διδάσκουσι
941 874 1013 943 πῶς
1044 861 1166 942 αότοὺς
1189 861 1442 952 ὑποκρίνεσθαι

303 971 362 1051 δεῖ,
396 977 458 1037 νῦν
470 971 533 1053 μὲν
555 969 827 1056 εἰρωνευόμενον,
861 977 924 1037 νῦν
950 965 983 1035 δ’
1010 964 1264 1055 ἀγανακτοῦντα
1387 971 1442 1036 δε-

303 1071 500 1156 διττόμενόν
522 1097 564 1138 τε
592 1077 663 1156 [om.
690 1074 726 1156 R]
754 1062 798 1138 αὗ
820 1074 877 1137 καὶ
899 1071 1149 1159 θεραπεύοντα.

348 1215 357 1260 '.
389 1199 421 1262 p.
443 1181 554 1252 102418
576 1172 649 1263 ἥτις
671 1171 767 1241 πότ’
795 1175 914 1242 ἐστὶν
941 1170 1031 1259 [ποτ’
1059 1175 1150 1242 ἐστδν
1172 1177 1224 1260 R]

388 1302 420 1365 p.
442 1285 552 1344 102788
577 1274 859 1364 ἀφείσθωσαν
878 1274 1090 1366 [ἀφίστασαν
1105 1281 1142 1362 R]
1164 1278 1203 1366 δη
1219 1281 1276 1343 καλ
1292 1271 1438 1362 αὗταιῙ).

389 1404 421 1467 p.
443 1385 539 1448 10288
563 1383 792 1465 λαμβανέσθω
816 1382 859 1447 δέ
887 1381 936 1469 [δὴ
959 1385 996 1466 R]
1024 1379 1190 1468 πρότερος
1213 1379 1373 1448 Πλάτων.

388 1507 420 1570 p.
444 1488 552 1549 102811
583 1484 696 1550 πάντα
726 1483 767 1549 τά
797 1483 1011 1572 προσήκοντα
1042 1490 1161 1572 σφίσιν
1196 1480 1311 1562 αὐτοῖς
1349 1485 1440 1567 ἐχειν

303 1587 400 1665 τοὺς
428 1592 499 1671 [om.
518 1589 554 1671 R]
581 1591 869 1671 θυπτομένουςῖ).

387 1715 420 1778 p.
442 1698 551 1758 102988
575 1700 695 1758 τοῦτον
718 1690 827 1758 ἐδόκει
849 1705 939 1769 τοῖς
966 1696 1038 1776 [om.
1057 1694 1094 1776 R]
1119 1690 1338 1780 τελευτήσασι
1352 1694 1440 1776 λαμ-

302 1793 475 1882 πρότατον
498 1791 673 1863 εἶναιτῶν
695 1793 876 1881 κόσμωνθ),
904 1792 954 1872 οἷς
977 1791 995 1883 ἡ
1020 1793 1119 1872 πόλις
1143 1790 1264 1872 αὐτοὺς
1290 1793 1437 1879 ἐκόσμει.

387 1921 419 1984 p.
443 1903 567 1966 1029188
591 1897 628 1965 τὸ
652 1899 797 1986 δημοσίᾳ
820 1905 1111 1986 γηροτροφεῖσθαι
1129 1895 1218 1975 τοὺς
1248 1904 1440 1986 πατέρας

303 1998 439 2069 αὐτῶν
466 1999 563 2089 ἀχρι
589 2001 783 2071 θανάτου
813 2004 884 2066 καί
914 2001 1210 2069 παιδεύεσθαι
1236 2003 1335 2080 τοὺς
1362 2007 1437 2086 [0111.

302 2108 339 2188 R]
365 2105 450 2182 υἱεῖς
473 2105 536 2182 ἕως
558 2101 652 2193 ἥβης,

387 2231 420 2293 p.
442 2213 567 2273 1029188
591 2204 713 2274 οὐκοῦν
736 2203 795 2274 οάκ
819 2204 985 2294 ἀναγκαία
1009 2206 1186 2289 Πλάτωνο
1214 2204 1284 2295 ἥδε
1305 2212 1377 2292 [om.
1399 2211 1435 2292 R]

302 2307 321 2399 ἡ
346 2309 539 2399 προσθήκη.

388 2437 420 2500 p.
442 2419 581 2480 10291888
605 2409 679 2478 ἀλλ’
707 2409 771 2501 ἀρα
795 2410 826 2499 γ’
852 2413 948 2502 εἰμὴ
977 2422 1037 2480 τοῦ
1061 2409 1259 2499 ἀναγκαίου,
1295 2413 1440 2492 κάλλους

303 2541 339 2602 γε
362 2513 382 2604 ἢ
404 2524 470 2583 τῶν
494 2513 604 2584 ἀλλων
627 2516 717 2593 τινός
740 2525 806 2583 τῶν
832 2517 1005 2583 ἐπιθέτων
1027 2517 1124 2584 ἕνεκα
1151 2515 1288 2599 κόσμων
1317 2523 1441 2603 παρεί-

303 2623 430 2708 ληπται
444 2619 481 2685 τὸ
499 2621 606 2686 κιῖιλον
622 2615 712 2706 αὐτῷ
728 2626 838 2701 τουτί;
866 2622 996 2686 πολλοῦ
1011 2645 1047 2705 γε
1063 2622 1121 2684 καὶ
1137 2621 1204 2685 δεῖ·
1231 2619 1338 2706 πρὸς
1360 2620 1439 2706 γὰρ

303 2731 356 2809 τῷ
389 2723 520 2810 μηδὲν
554 2723 666 2806 ἐχειν
700 2723 889 2812 σπουδῆς
924 2721 1047 2803 ἀξιον
1083 2721 1187 2810 μήτε
1221 2721 1328 2788 κατά
1365 2721 1441 2810 τὴν

304 2825 514 2894 σάνθεσιν
541 2830 613 2910 [om.
639 2829 676 2910 R]
709 2827 1000 2914 προσδιαφθείρει
1028 2829 1085 2891 καί
1115 2825 1174 2914 τὴν
1202 2825 1270 2913 πρὸ
1302 2822 1435 2908 αάτοῦῦ)

303 2931 475 3018 περίοδον.
521 2933 683 2996 Lacunam
705 2935 778 3016 post
801 2927 896 3010 ἀξιον
918 2931 1120 2996 statuendam
1142 2951 1160 2996 e
1183 2931 1332 3015 Dionysii
1359 2952 1441 2996 σοα-

303 3035 470 3101 suetudine
499 3035 547 3100 ita
576 3035 726 3118 expleas:
771 3033 921 3120 σπουδῆς
952 3029 1048 3112 ἀξιον
1078 3030 1203 3120 (μήτε
1233 3031 1338 3097 κατὰ
1367 3031 1441 3120 τὴν

304 3133 479 3223 ἐκλογὴν
508 3141 586 3202 τῶν
616 3130 856 3222 ὀνομάτων)
879 3133 961 3223 μήτε
984 3132 1070 3200 κατὰ
1094 3133 1154 3222 ηὴν
1177 3134 1357 3216 σύνθεσιν,
1393 3137 1436 3202 ef.

303 3261 330 3305 e.
358 3260 389 3322 g.
415 3260 446 3323 p.
469 3242 544 3304 1378
573 3236 617 3326 μὴ
648 3237 754 3321 μόνον
784 3235 869 3302 κατὰ
899 3237 958 3327 την
990 3236 1128 3325 ἐκλογὴν
1157 3245 1223 3304 τῶν
1246 3232 1435 3321 ὀνομάτων,

303 3337 388 3406 ἀλλά
414 3338 577 3406 καὶκατὰ
600 3339 661 3429 τὴν
683 3339 856 3408 σύνθεσιν.
898 3345 988 3407 86511
1012 3340 1098 3406 κατδι
1120 3339 1180 3428 τὴν
1203 3339 1342 3428 ἐκλογὴν
1371 3349 1442 3408 τῶν

303 3439 480 3527 ὀνομάτων
505 3443 669 3509 καὶκατὰ
699 3442 759 3532 τὴν
782 3443 955 3511 σύνθεσιν.
1006 3449 1115 3510 106511
1145 3439 1311 3528 ἀγάμενος
1345 3438 1376 3508 δ’
1398 3441 1441 3511 οά

302 3555 360 3635 της
390 3548 526 3634 ἐκλογῆς
559 3554 624 3613 τῶν
657 3541 835 3630 ὀνομάτων
866 3543 980 3633 οιάτδν,
1019 3542 1104 3612 ἀλλά
1137 3553 1195 3634 τῆς
1228 3551 1436 3623 συνθέσεως.

306 3655 416 3716 109018
440 3643 513 3716 οὔτ’
533 3649 668 3737 ἐκλογῆς
692 3644 869 3732 ὀνομάτων
891 3649 1020 3733 κόσμον
1043 3645 1118 3715 οάτε
1142 3653 1345 3724 συνθέσεως.

388 3774 421 3837 p.
443 3757 537 3818 10308
561 3754 654 3818 τουτὶ
676 3751 719 3817 τὸ
747 3757 819 3836 [om.
845 3755 882 3836 R]
910 3755 1027 3820 κῶλον.

373 3944 389 4008 ¹]
412 3932 495 3994 αὗται
512 3941 634 3997 Vlietius
652 3943 670 3995 l.
691 3943 708 3995 l.
730 3961 757 4012 p.
774 3945 823 3994 72:
845 3939 928 3994 αὐτοὶ
947 3942 1006 3994 MR
1036 3945 1046 4007 ΙΙ
1082 3942 1101 4005 2)
1123 3939 1227 4012 ἐχεινίίί
1242 3938 1308 3998 τοὺς
1326 3945 1441 3993 θαπτο-

301 4029 419 4100 μένους,
446 4024 512 4084 ιοὺσ
530 4027 596 4082 add.
618 4027 707 4081 Miin
733 4027 824 4096 spatio
844 4029 909 4077 7-8
928 4026 1031 4080 litteris
1053 4031 1119 4095 apto
1155 4029 1165 4091 ΙΙ
1206 4027 1224 4088 3]
1247 4025 1301 4077 τῶν
1319 4021 1441 4094 κόσμων

303 4114 396 4184 sylb.:
423 4111 473 4164 τὸν
495 4109 605 4184 κόσμον
622 4115 659 4177 Μ,
684 4116 734 4164 τοῦ
758 4109 897 4182 κόσμουι
938 4114 949 4177 ΙΙ
994 4112 1013 4174 ⁴]
1035 4107 1150 4163 πλάτων
1168 4113 1207 4177 Μ,
1240 4106 1373 4163 Πλάτωνι
1392 4111 1435 4177 R;

301 4205 430 4255 neutrum
448 4205 568 4263 εεοίιιω,
596 4197 631 4252 ef.
653 4214 724 4267 quae
743 4199 833 4251 dicam
852 4196 918 4263 Gap.
934 4197 974 4249 IV
991 4198 1027 4250 ad
1046 4195 1071 4249 h.
1093 4197 1110 4249 Ι.
1137 4200 1148 4261 l]
1189 4199 1207 4261 5)
1230 4194 1317 4248 αὐτοῦ
1337 4197 1436 4266 sylb.:

301 4282 386 4350 αὐτῆς
404 4285 472 4340 MR.
