3224 5140
587 415 632 426 -
678 379 761 460 1193·
808 416 852 428 -
1224 381 1285 444 109

235 587 269 648 p.
288 567 396 629 9869ss
417 565 500 630 haee
520 565 555 629 in
576 565 686 630 codiee
707 566 873 648 leguntur:

1074 645 1157 738 αὕτη
1180 651 1243 732 μὲν
1266 645 1283 737 ή

150 755 268 834 λυαίου
290 750 441 840 διήγησις
464 752 500 816 ἔτι
523 760 584 818 τοῦ
604 754 819 828 κατατίσιδος
841 753 959 836 λόγου·
986 751 1026 840 ἣν
1040 753 1076 817 δὲ
1099 760 1160 819 νῦν
1173 755 1283 835 μέλλει

150 858 267 940 λέγειν,
282 856 527 942 δημοσθένους.
542 855 578 920 ἔτι
591 864 650 921 τοῦ
658 881 744 920 κατα
752 855 911 931 κόνιονος·
931 847 1036 942 ήςτήν
1048 854 1286 944 πραγματικήν

150 954 334 1045 ὁμοιότητα
357 957 518 1035 ἐάσαντες
539 961 601 1026 lae.
623 965 747 1024 14-16
763 961 824 1025 litt.
851 957 910 1044 τήν
930 958 967 1024 ἔν
986 967 1023 1045 τή
1040 961 1125 1038 λέξει
1150 967 1284 1024 σκοπῶ-

149 1087 226 1145 μεν·
253 1065 324 1127 κτλ.
372 1064 487 1142 Verba,
513 1083 597 1146 qnae
617 1064 738 1128 iustum
759 1064 933 1128 litterarum
956 1084 1122 1130 numerum
1138 1085 1283 1149 cumpre-

148 1167 341 1248 henderent,
372 1187 436 1231 nou
457 1167 578 1231 inveni.
625 1166 817 1250 Sylburgius
843 1167 989 1232 lacunam
1011 1167 1208 1234 adsensum
1236 1169 1283 1234 ita

146 1272 273 1354 explet:
301 1264 345 1344 ὦς
368 1263 577 1352 οὐδένπρὸς
600 1267 641 1332 τὰ
663 1267 701 1333 έν
720 1270 815 1352 χερσί
838 1267 1089 1354 προσήκουσαν.

231 1395 413 1474 p.103.‘›sss
436 1390 667 1454 Ambrosianus
689 1389 770 1454 haee
793 1390 943 1474 praebet:

482 1494 539 1557 καὶ
562 1499 667 1556 ταῦτα
690 1491 837 1576 πάρισα·
867 1487 885 1556 ὁ
910 1494 1006 1558 3litt.
1032 1491 1166 1576 κάμνιοι
1188 1490 1278 1560 ταῦτ’

102 1583 104 1588 ’
146 1595 231 1688 εἰσὶν
255 1590 331 1661 οὐδ’
357 1590 535 1679 άγάάωνες
558 1595 590 1659 οί
605 1597 759 1680 λέγοντες
784 1593 881 1680 ὕβριν
904 1592 922 1682 ἢ
946 1598 1043 1662 31itt.
1068 1621 1151 1683 πριν
1166 1605 1282 1680 μισίίιῐι

145 1700 259 1766 ποθὲν
281 1695 452 1786 ήμόχθον
466 1700 655 1782 πατρίδων·
683 1694 753 1762 ἀλλ’
772 1694 790 1764 ὃ
807 1700 839 1786 δή
867 1705 886 1764 6
902 1701 962 1765 litt.
990 1725 1060 1776 νιος
1079 1700 1279 1787 ἑρμηνεῦσαι

145 1801 295 1868 πλάταν·
314 1804 372 1866 καὶ
383 1797 423 1867 οὐ
434 1815 505 1878 τοῖς
516 1800 686 1888 σχήμασιν
698 1801 756 1867 ἔπι
771 1808 854 1868 6-7
863 1805 922 1868 litt,
943 1809 1039 1888 φέρει
1051 1801 1114 1888 γάρ
1127 1828 1210 1869 ποτε
1223 1807 1278 1869 καὶ

144 1913 248 1972 ταῦτα
265 1918 337 1982 τοῖς
349 1904 462 1990 λόγοις
473 1900 565 1990 ὥραν
578 1900 684 1991 οάχαρ
699 1907 897 1971 10-121itt.
916 1903 976 1992 τήν
992 1904 1051 1992 τήν
1063 1905 1278 1993 ἐπιτήδευσιν
1293 1923 1307 1970 5

145 2004 253 2075 αὐτῶν
268 2011 326 2073 καὶ
341 2007 402 2095 τήν
418 2003 497 2072 ἆται
523 2014 647 2074 13-16
663 2010 724 2075 litt.
771 2033 851 2091 μαι·
878 2011 935 2073 καὶ
949 2009 1096 2091 μάλιστα

144 2107 224 2179 ὅταν
238 2108 308 2178 ὑπὸ
325 2110 481 2177 τοιούτου
496 2117 628 2198 γίνήται
644 2107 776 2196 ἀνδρὸς,
803 2103 830 2175 ὧ
843 2111 961 2178 κανόνι
977 2107 1185 2198 ὀρθοεπείας

144 2213 338 2302 χρήσασθαι
354 2209 524 2296 ἀξιοῦμεν.

226 2339 311 2383 τετε.
334 2323 346 2380 1
380 2327 453 2402 post
475 2315 606 2402 πάρισα
628 2318 760 2400 volgata
782 2319 967 2402 suppeditat
993 2313 1033 2383 οὐ
1054 2316 1251 2401 Λικάμνιοι.

228 2441 313 2486 vers.
333 2424 353 2483 2
375 2421 397 2484 1.
420 2415 520 2505 ίίβριν
543 2415 760 2507 ή<κύ>πρινί

224 2544 310 2589 vers.
329 2528 348 2589 3
371 2525 393 2588 l.
414 2520 532 2589 πόθον
548 2519 567 2610 ἢ
583 2520 741 2605 μόχθονι
777 2526 853 2588 Post
875 2524 895 2588 δ
917 2544 1039 2607 rasura,
1065 2545 1165 2610 supra
1180 2546 1275 2609 quam

143 2627 201 2692 duo
229 2634 350 2711 puncta
372 2634 623 2710 cognoscuntur:
663 2627 724 2692 fuit
751 2627 849 2710 igitur
872 2654 884 2692 ι
907 2635 963 2693 aut
985 2653 1016 2693 v.
1072 2629 1122 2693 Ex
1144 2630 1275 2712 volgata

143 2727 314 2812 δαιμόνιος
340 2728 583 2795 restituendum.

223 2852 337 2899 versus
350 2837 435 2896 4-6
458 2833 648 2916 Sylburgius
663 2833 710 2897 ita
725 2832 793 2898 fere
809 2834 1022 2899 restituendos
1038 2835 1190 2900 coniecit:
1217 2838 1274 2900 καὶ

141 2929 264 3010 αὐτοῖς
280 2932 448 3020 σχήμασιν
465 2931 621 3016 ἐπιτιμῶ·
644 2939 741 3020 φέρει
756 2934 820 3020 γάρ
836 2959 920 3000 ποτε
935 2936 993 2999 καὶ
1008 2943 1113 3002 ταῦτα
1130 2949 1200 3013 τοῖς
1216 2936 1274 3002 λό-

139 3060 208 3120 γοις
224 3031 316 3121 ὥραν
337 3037 393 3099 καὶ
409 3034 508 3121 χάριν
525 3031 565 3102 οίι
584 3042 738 3122 μετρίαν·
765 3032 838 3104 οὐδ’
853 3032 958 3124 αὐτήν
979 3036 1039 3126 τήν
1059 3037 1274 3126 ἐπιτήδευσιν

140 3134 246 3206 atum
261 3144 451 3226 μέμφομαι,
478 3134 563 3203 ἀλλὰ
579 3139 639 3226 τήν
655 3135 814 3225 ἀκαιρίαν
830 3135 951 3206 αὐτῶν.
991 3141 1095 3220 Quam
1110 3143 1272 3210 coniectu-

141 3261 205 3306 ram
228 3263 270 3307 ex
286 3249 379 3326 parte
402 3249 530 3307 secutus
553 3249 683 3327 propter
697 3243 901 3308 Ambrosiaui
923 3243 1091 3309 lectionem
1107 3247 1206 3310 verba
1227 3246 1273 3312 ita

138 3345 369 3410 constituerim:
396 3345 454 3408 καὶ
470 3338 509 3410 οὐ
524 3357 595 3420 τοῖς
612 3343 780 3431 σχήμασιν
803 3344 962 3427 έπιτιμιῐι·
989 3351 1086 3432 φέρει
1107 3345 1170 3434 γάρ
1188 3373 1271 3413 ποτε

137 3448 311 3512 καὶταῦτα
328 3459 399 3522 τοῖς
420 3445 534 3530 λόγοις
550 3441 641 3533 ὥραν
660 3449 717 3512 καὶ
732 3445 845 3534 χάριν·
872 3443 942 3511 ἀλλ’
953 3443 1058 3534 αὐτὴν
1081 3447 1140 3536 τήν
1156 3449 1272 3538 ἐπιτή-

138 3549 249 3616 δευσιν
265 3545 377 3616 αὐτῶν
392 3551 450 3613 καὶ
464 3547 525 3636 τήν
542 3544 701 3635 άκαιρίαν
721 3556 910 3636 μέμφομαι.
945 3551 1092 3618 Ceterum
1109 3551 1152 3617 ad
1167 3573 1269 3618 enun-

135 3653 201 3718 tiati
213 3653 405 3718 sententiam
419 3660 452 3718 et
463 3660 656 3719 structuram
667 3653 815 3720 conferas
830 3676 863 3738 p.
876 3657 916 3717 56
925 3660 931 3716 1
940 3681 981 3719 uss
997 3655 1054 3718 καὶ
1070 3649 1110 3720 οδ
1124 3653 1162 3722 τὸ
1174 3660 1270 3739 γένος

136 3761 313 3842 μέμφομαι
336 3761 401 3820 ’τῶν
416 3752 612 3840 σχημάτων·
640 3757 763 3821 πολλοὶ
785 3755 848 3842 γάρ
873 3751 987 3833 αὐτοῖς
1007 3755 1191 3844 ἐχρήσαντο
1213 3760 1269 3824 καί

136 3870 340 3945 συγγραφεῖς
356 3859 413 3922 καὶ
428 3856 566 3944 ῥήτορες
583 3852 726 3924 ἀνθίσαι
748 3857 950 3942 βουλόμενοι
974 3857 1034 3947 τήν
1050 3861 1157 3939 λέξιν·
1183 3855 1269 3926 ἀλλὰ

136 3957 192 4026 τὸν
206 3958 436 4042 πλεονασμόν.
474 3961 573 4026 Voces
590 3955 659 4045 ὥρα
676 3969 708 4028 et
722 3959 820 4047 χάρις
836 3963 922 4046 apud
934 3963 1125 4047 Dionysium
1138 3964 1268 4046 saepius

136 4063 318 4128 coniunctae
341 4063 509 4146 leguntur,
543 4063 583 4128 cf.
611 4083 640 4128 e.
666 4085 699 4146 g.
726 4085 757 4148 p.
779 4068 848 4128 5612
877 4063 912 4127 αἱ
935 4066 1120 4146 μεταβολαὶ
1150 4066 1206 4130 καὶ
1230 4062 1266 4128 τὸ

137 4171 267 4250 πρέπον
289 4161 349 4230 οὐκ
372 4164 487 4246 έχουσι
509 4163 569 4251 τήν
585 4159 690 4251 αὐτήν
705 4161 796 4251 ὥραν
810 4167 867 4229 καὶ
882 4163 990 4251 χάριν.
1032 4170 1109 4232 8202
1133 4166 1267 4251 ἐπιτρέ-

136 4291 184 4347 χει
198 4274 314 4350 μέντοι
330 4292 380 4342 τις
396 4262 465 4352 ὥρα
481 4279 551 4343 τοῖς
567 4266 677 4352 έργοις
693 4263 803 4333 αὐτῶν
824 4269 878 4332 καί
895 4265 1003 4354 χάρις.
1050 4273 1141 4334 term
1162 4266 1267 4355 ιγάοιν
