3250 5146
200 1323 202 1328 ’
239 1318 315 1382 Post
350 1314 556 1380 Reiskianam
594 1313 741 1397 Dionysii
778 1313 1076 1380 Halicarnassensis
1114 1315 1284 1381 editionem

146 1439 245 1504 opera
268 1419 337 1484 eius
359 1418 466 1482 omnia
488 1418 696 1501 complexam,
724 1435 794 1481 cunr
816 1417 1048 1499 Antiquitatum
1071 1419 1285 1483 Romanarum

145 1523 220 1587 libri
241 1521 424 1586 firmissimo
440 1519 604 1585 Urbinatis
626 1527 657 1584 et
681 1518 824 1584 Ohisiani
845 1519 1018 1602 insignium
1033 1511 1191 1614 ,libroruin
1214 1519 1286 1584 lun-

146 1625 297 1690 damento
319 1623 427 1688 critico
449 1622 510 1687 nisi
539 1623 654 1687 multos
683 1622 737 1704 qui
764 1621 930 1705 pristinam
953 1643 1123 1706 veramque
1152 1623 1286 1688 formam

148 1747 302 1794 revocare
330 1725 494 1792 studerent
515 1725 600 1790 viros
629 1725 738 1790 doctos
768 1725 965 1805 allexissent‚
999 1727 1118 1810 scripta
1139 1726 1287 1810 Dionysii

149 1829 307 1895 rhetorica
329 1829 402 1913 plus
425 1848 527 1910 aequo
550 1849 571 1892 a
592 1827 670 1892 viris
693 1827 796 1893 doctis
817 1828 965 1910 neglecta
987 1828 1043 1892 diu
1065 1829 1243 1894 iacuerunt.

236 1932 320 1997 Nam
343 1931 397 2013 qui
419 1929 540 2014 primus
568 1935 641 2014 post
663 1930 826 1996 Reiskium
854 1931 971 1996 librum
999 1931 1039 1996 de
1062 1932 1288 2015 compositione

151 2036 334 2114 verborum,
369 2040 403 2098 ut
431 2035 471 2098 ab
506 2033 565 2098 hoc
599 2032 722 2115 ordiar,
758 2034 906 2099 tractavit
935 2033 1154 2117 Schaefcrus¹l
1190 2035 1291 2100 bono-

151 2159 220 2202 rum
256 2137 400 2203 codicum
437 2155 497 2220 ope
530 2133 699 2200 destitutus
733 2156 795 2200 non
830 2137 964 2200 multum
997 2135 1144 2220 profecit;
1186 2157 1289 2219 neque

151 2241 369 2324 Goellerus2),.
397 2240 458 2305 etsi
490 2238 588 2304 libros
610 2238 819 2304 Monacenses
851 2238 939 2303 haud
968 2241 1168 2323 spernendae
1197 2247 1291 2305 notae

150 2343 312 2424 adhibuit,
359 2343 401 2407 ad
433 2341 601 2426 limpidum
634 2342 914 2426 incorruptumque
946 2341 1067 2408 fontem
1104 2343 1291 2426 opusculum

151 2447 315 2513 revocavit
343 2452 415 2526 aut,
449 2444 533 2528 quod
555 2444 662 2510 verius
693 2451 758 2525 est,
792 2463 940 2526 revocare
969 2445 1090 2528 potuit:
1123 2445 1291 2528 ignorabat

152 2551 237 2616 enirn
261 2549 397 2616 eximias
420 2548 538 2634 copias,
571 2567 654 2630 quae
677 2548 710 2612 in
732 2547 854 2613 Italicis
880 2548 1019 2612 maxime
1042 2547 1241 2612 bibliothecis
1261 2557 1292 2612 et

152 2651 186 2718 iri
214 2653 363 2718 Parisina
392 2651 523 2736 publica
550 2652 661 2716 latent.
714 2649 905 2735 Nuperrime
935 2651 1063 2716 demum
1093 2651 1293 2716 Hermannus

151 2758 316 2824 Usenerns
339 2755 526 2837 quaestione
549 2753 646 2819 indici
669 2753 849 2820 scholarum
864 2753 1080 2820 Bonnensium
1103 2755 1293 2819 aestivarum

154 2883 185 2926 a.
210 2857 527 2925 MDOOCLXXVIII
549 2856 730 2941 praemissa
752 2856 792 2922 de
814 2856 986 2940 codicibus,
1017 2857 1131 2938 quibus
1153 2857 1233 2922 liber
1254 2857 1295 2921 de
1337 2891 1342 2900 ·

155 2963 385 3048 compositione
410 2963 594 3042 verborum,
628 2980 680 3026 ars
710 2979 793 3042 quae
818 2959 968 3044 Dionysii
997 2959 1096 3025 fertur
1123 2959 1290 3041 rhetorica,

154 3067 284 3131 libellus
313 3064 353 3130 de
383 3063 581 3148 Thucydidis
611 3063 771 3128 idiomatis
802 3062 1015 3144 continentur,
1057 3062 1295 3128 accuratissime

155 3169 220 3252 egit
242 3175 339 3250 atque
365 3168 484 3231 inuno
507 3166 612 3249 capite
634 3165 707 3230 libri
730 3164 770 3230 de
792 3183 820 3230 o.
846 3186 875 3229 v.
903 3173 1014 3247 quarto
1037 3166 1168 3245 decimo,
1199 3185 1295 3246 quam

155 3291 287 3355 prorsus
310 3289 411 3335 novus
434 3268 610 3352 Dionysius
634 3267 778 3334 codicum
804 3267 931 3332 illorum
954 3287 1015 3351 ope
1037 3267 1138 3351 lieret,
1169 3269 1296 3351 egregie

156 3373 397 3439 demonstravit.

242 3476 352 3541 Habes
374 3483 542 3559 praeterea
557 3493 621 3554 qua
644 3473 727 3538 huno
742 3471 870 3554 quidem
893 3472 934 3537 de
949 3492 1050 3556 comp.
1069 3474 1155 3538 verb.
1181 3474 1297 3538 librum

156 3579 316 3661 corrigere
338 3576 444 3661 possis
467 3575 639 3659 epitomem
662 3595 680 3641 e
704 3575 903 3641 Germanicis
927 3575 1083 3658 exemplis
1106 3575 1206 3640 tribus
1228 3576 1298 3640 Mo-

157 3681 300 3761 nacensi‚
332 3699 395 3762 quo
417 3679 529 3745 eodem
553 3679 719 3744 Goellerus
744 3698 821 3744 usus
844 3684 903 3759 est3
935 3677 1159 3761 Rehdigerano
1182 3679 1298 3743 Darm-

228 3871 246 3933 ¹)
267 3868 398 3938 Dionysii
411 3867 668 3922 Halicarnassensis
681 3868 715 3921 de
728 3866 930 3933 compositione
943 3867 1091 3922 verborum
1110 3866 1181 3921 liber
1193 3866 1298 3922 Graece

159 3961 187 4009 et
205 3953 306 4009 Latine
325 3969 386 4007 cum
409 3955 532 4021 priorum
551 3953 688 4007 editorum
712 3953 826 4020 suisque
847 3952 1076 4007 adnotationibus
1094 3953 1184 4008 edidit
1203 3952 1299 4008 Godo·

158 4039 255 4095 fredus
280 4039 419 4094 Henricus
443 4038 585 4094 Schaefcr.
629 4037 776 4092 Accedunt
799 4038 925 4092 eiusdem
950 4040 1126 4092 meletemata
1151 4040 1248 4093 critica
1272 4040 1300 4092 in

158 4126 289 4196 Dionysii
302 4131 355 4179 art.
371 4125 471 4179 rhetor.
493 4139 554 4192 cap.
570 4123 679 4178 1-1v.
700 4124 813 4192 Lipsiae
832 4123 1072 4179 oroloooovlrl
1106 4124 1116 4192 ΙΙ
1150 4125 1168 4189 2)
1190 4125 1299 4194 Diony-

160 4214 194 4267 sii
207 4213 465 4268 Halicarnassensis
484 4213 518 4265 de
537 4210 738 4279 compositione
753 4211 901 4265 verborum
920 4209 991 4264 liber
1009 4227 1025 4264 e
1043 4213 1132 4280 copiis
1151 4211 1301 4266 bibliotho-

160 4315 208 4352 cae
227 4300 322 4367 regiae
340 4297 518 4352 Monacensis
537 4297 711 4352 emendatius
730 4296 820 4350 edidit
837 4295 882 4349 Fr.
899 4294 1020 4350 Goeller.
1049 4299 1220 4352 Ienae1815.
