3182 5136
555 421 599 444 ψ
644 385 730 468 [aar]
777 420 822 430 -
1194 383 1253 446 197

207 594 240 658 p.
261 575 367 640 592444
388 571 434 638 ita
449 573 538 658 lego:
566 571 598 638 oi
621 571 657 638 δὲ
670 565 881 658 Ἰσοκράτους
896 571 953 636 καί
967 575 1104 638 Λυσίου
1124 573 1177 655 [se.
1197 569 1255 637 λό-

117 677 183 763 γοι)
204 672 335 752 παντὸς
356 673 503 759 μάλιστα
519 676 645 742 δίκαιοί
666 699 701 741 τε
724 676 781 740 καὶ
801 669 942 762 ἀληθεῖς
962 678 1015 757 (se.
1035 674 1193 743 ὄοκούσιν
1207 669 1255 741 εί-

116 783 202 864 one),
240 774 305 846 κάν
336 775 381 867 μὴ
411 787 552 846 τοιαῦτα
575 768 641 868 (ᾖ)
670 775 713 844 τὰ
740 775 925 866 πράγματα
959 776 995 844 έν
1023 771 1151 856 αὐτοῖς.
1204 779 1256 845 Ad

119 884 362 952 collocationem
391 883 478 950 vocis
505 871 693 969 ᾖαοοίεεαε
722 905 755 969 p.
773 886 850 948 4764
885 876 967 950 ὅταν
995 881 1149 969 διαπορῶ
1174 933 1181 947 .
1208 933 1216 948 .
1244 933 1252 948 .

119 989 178 1054 καὶ
202 985 248 1074 μὴ
271 982 390 1073 ῥᾴδιον
411 975 431 1072 ᾖ
454 987 524 1051 κτλ.

207 1111 240 1175 p.
261 1093 381 1156 5951sss
406 1094 449 1154 Τί
471 1087 510 1176 δὴ
533 1095 639 1155 ταῦτα
662 1086 704 1153 τά
725 1093 890 1175 προοίμια
914 1082 1067 1177 ἀλλήλων
1082 1087 1251 1176 ὄιαφέρει;

119 1191 218 1281 παρὰ
239 1198 358 1280 Λυσίηι
380 1193 443 1276 μέν
457 1187 553 1281 ἡδεῖά
576 1192 667 1260 έστιν
683 1187 702 1280 ἡ
720 1192 871 1281 εἰσβολη
900 1194 970 1258 καί
992 1187 1036 1258 δι’
1052 1188 1151 1261 οὐδὲν
1173 1190 1254 1261 άλλο

119 1298 253 1381 μᾶλλον
274 1291 293 1384 ἢ
317 1290 369 1362 ότι
391 1303 540 1383 φυσικῶς
562 1318 638 1373 πως
660 1295 790 1383 ε’ίρηται
811 1297 868 1362 καί
884 1290 1028 1383 άφελῶς.
1068 1302 1137 1362 Καί
1154 1299 1256 1383 parti-

119 1402 228 1468 culam
252 1406 326 1467 ente
349 1393 397 1465 δι’
412 1395 520 1482 οὐδέν,
548 1400 624 1483 qnia
640 1401 773 1466 verbum
795 1399 919 1466 finitum
935 1401 1068 1486 copulae
1092 1400 1183 1468 ἐστιν
1204 1422 1256 1468 re-

118 1505 285 1589 spondens
314 1523 378 1570 non
399 1504 552 1586 seqnitur,
579 1502 751 1570 delendam
774 1523 847 1570 esse
869 1523 994 1570 censeo.
1038 1505 1111 1572 Una
1132 1512 1257 1572 tentum

118 1611 302 1690 causaest,
327 1626 383 1673 cur
399 1607 519 1690 Lysiae
541 1605 707 1672 exordium
729 1626 828 1674 suave
850 1607 901 1673 sit.
942 1607 1031 1673 Idem
1046 1607 1165 1674 ‘vidum
1187 1609 1258 1675 vol-

117 1717 198 1795 gata
213 1710 296 1776 tollit
310 1731 342 1795 p.
358 1713 435 1775 4534
458 1709 644 1775 διετέλεσεν
660 1702 787 1775 αὐτόθι
808 1707 1070 1793 πολιτευόμενος
1093 1709 1130 1777 ἐν
1151 1705 1256 1778 εὐπο-

122 1819 178 1900 ρίᾳ
201 1814 335 1898 πολλῇ,
370 1813 469 1896 καὶῑ)
495 1814 629 1900 [πολλῆι
650 1813 707 1878 καὶ
728 1813 765 1896 F]
791 1817 890 1900 μέχρι
917 1820 974 1901 τῆς
998 1821 1176 1900 συμφορᾶς
1198 1822 1256 1902 τῆς

120 1913 355 2004 κατασχούσης
376 1914 580 2003 Ἀθηναίους
603 1914 640 1982 όν
661 1917 798 2002 Σικελίᾳ
814 1917 893 1982 FM:
919 1917 976 1982 καί
998 1937 1060 1984 om.
1085 1920 1123 1984 R.
1170 1919 1255 1984 Nam

119 2043 161 2088 ne
190 2019 270 2104 quid
291 2020 492 2086 intercidisse
513 2026 660 2105 putemus
686 2020 785 2086 veluti
808 2018 951 2106 μεγάλη,
984 2026 1017 2087 et
1038 2022 1119 2088 ratio
1141 2022 1257 2090 suadet

119 2163 162 2174 -
185 2125 344 2208 languida
366 2123 452 2189 enim
479 2123 640 2190 sententia
661 2129 749 2190 esset
769 2161 813 2170 -
834 2130 868 2190 et
887 2123 1035 2209 Dionysii
1060 2125 1256 2193 consuetudo

120 2229 231 2307 docet,
265 2227 320 2310 qui
348 2220 492 2312 εὐπορία
526 2224 634 2312 πολλὴ
669 2226 726 2290 καὶ
752 2223 879 2313 μεγάλη
909 2226 943 2292 in
975 2227 1141 2294 rhetoricis
1170 2236 1257 2296 certe

120 2330 250 2417 scriptis
265 2350 328 2396 non
344 2330 435 2409 dixit,
453 2349 556 2412 neque
568 2328 802 2412 Antiquitatum
817 2336 926 2415 partes
937 2330 1046 2396 varias
1060 2332 1257 2417 percurrenti

124 2434 201 2500 milri
222 2433 304 2500 haee
326 2433 446 2499 locutio
467 2433 593 2498 obviam
616 2432 702 2498 facta
723 2439 783 2499 est.
829 2433 946 2500 Contra
975 2427 1119 2521 εὐπορία
1147 2433 1256 2525 πολλή

119 2539 241 2622 legitur
263 2558 295 2622 p.
315 2540 391 2602 4464
416 2534 453 2602 ἓν
475 2529 620 2623 εὐπορία
646 2587 652 2600 .
675 2586 708 2600 ..
734 2537 868 2603 πλείονι
889 2543 947 2624 τῆς
970 2533 1086 2624 ἑτέρας
1108 2538 1231 2628 όιηγεν,

208 2662 240 2726 p.
261 2641 366 2706 598oss
385 2632 422 2705 ‘O
445 2639 508 2722 μὲν
526 2633 649 2716 Ἰσαῖος
672 2637 848 2726 ἐπιτρόπῳ
878 2641 945 2707 τινὶ
974 2639 1141 2721 συντάξας
1168 2637 1257 2709 ὐπο-

124 2747 268 2830 λογίαν.
289 2797 295 2808 .
318 2740 481 2828 ποιούσῃ
504 2746 662 2830 κέχρηται
685 2737 781 2829 άρχῇ.
827 2743 917 2827 Lego
939 2741 1076 2830 τοιαύτη
1099 2750 1257 2834 κέχρηται

123 2847 219 2936 (cp)
243 2841 339 2932 ἀρχῇ,
364 2841 456 2912 utin
478 2847 546 2913 loeo
568 2867 707 2930 congruo
730 2869 762 2933 p.
783 2849 903 2912 59912ss
926 2841 943 2912 ό
967 2846 1004 2912 δέ
1025 2853 1162 2926 Λυσίας
1188 2900 1195 2914 .
1217 2901 1224 2914 .
1246 2902 1253 2916 .

122 2947 266 3035 τοιούτῳ
288 2954 446 3037 κέχρηται
468 2955 520 3034 τηῖ
542 2954 724 3036 προοιμίη.
771 2949 915 3016 Eandem
941 2949 1090 3035 Dionysii
1120 2972 1256 3020 eonsue-

118 3055 264 3120 tudinem
291 3059 419 3119 secutus
448 3061 480 3138 p.
502 3056 642 3118 11221sss
669 3053 716 3119 ita
744 3053 862 3120 scribo:
902 3051 942 3120 ‘21
964 3052 1002 3119 δέ
1031 3053 1064 3138 γ’
1088 3053 1256 3144 Αἰσχίνης

122 3159 201 3244 περὶ
225 3151 330 3222 αὐτοῦ
351 3153 475 3243 γράφει
497 3163 729 3244 συκοφαντῶν,
763 3151 875 3243 ὥσπερ
900 3155 995 3245 ἐ’φην,
1029 3157 1104 3223 τοτὲ
1126 3158 1190 3241 μέν
1212 3153 1256 3237 ὡς

121 3271 257 3347 πικροῖς
273 3260 331 3324 καί
345 3263 537 3346 περιέργοις
552 3257 687 3348 (τοῖς)
703 3253 849 3342 ὀνόμασι
863 3265 1048 3347 χρωμένου,
1072 3262 1148 3328 κοτέ
1164 3255 1197 3328 δ’
1212 3257 1255 3340 ὡς

122 3359 240 3452 άηόέσι
251 3363 309 3426 καί
322 3373 505 3448 φορτικοῖς,
523 3362 645 3450 ῥᾳδίας,
657 3362 726 3445 έχει
737 3360 797 3440 τὰς
810 3357 1008 3449 ἀπολογίας,
1027 3365 1068 3432 cs.
1083 3388 1115 3452 p.
1130 3369 1251 3450 112517,

121 3469 175 3534 ubi
203 3467 244 3532 de
274 3465 386 3532 eodem
409 3465 568 3532 Aeschine
589 3467 765 3551 Dionysius
793 3467 942 3551 loquitur:
981 3465 1027 3534 Τὸ
1052 3468 1088 3534 δέ
1111 3469 1257 3556 φάσκειν

123 3580 299 3659 φορτικοῖς
321 3569 378 3634 καὶ
401 3563 518 3656 ἀηδέσι
546 3581 612 3635 τοῑ
619 3593 636 3646 ς
667 3564 832 3654 ὐνόμασιν
853 3565 958 3640 αὐτόν
979 3577 1169 3660 κεχρῆσθαι
1189 3572 1256 3640 πό-

124 3679 187 3739 θεν
217 3671 370 3760 ἐπῆλθεν
398 3666 488 3757 αὐτῷ
509 3673 628 3757 λέγειν,
659 3666 748 3760 ’ὑπὲρ
778 3670 892 3740 πάντα
915 3673 1018 3760 ἔγωγε
1040 3673 1253 3760 τεθαύμακα.

122 3776 236 3843 Itidem
259 3775 428 3840 articulum
451 3775 535 3842 addo
558 3797 589 3861 p.
613 3779 722 3842 106044
746 3776 837 3842 δοκεῖ
855 3774 894 3865 δή
910 3801 970 3861 μοι
984 3783 1050 3846 τῶν
1064 3779 1127 3862 μέν
1141 3775 1256 3869 ὑψηλῇ

123 3880 178 3943 καὶ
193 3884 332 3964 περιττῇ
347 3877 404 3942 καί
427 3876 652 3964 ἐξηλλαγμένη
668 3875 760 3968 (τῇ)
778 3880 866 3959 λέξει
881 3885 1094 3969 κεχρημένων
1115 3880 1254 3950 κατὰτὸ

125 3985 334 4069 σαφέστερον
369 3982 426 4046 καί
454 3978 648 4068 κοινότερον
773 3978 937 4070 προύχειν
967 3977 984 4049 ό
1014 3988 1250 4074 Δημοσθένης,

120 4085 163 4150 ef.
188 4108 220 4171 p.
242 4088 317 4150 1822
339 4081 485 4167 μάλιστα
508 4081 648 4158 πάντων
663 4092 728 4153 τῶν
743 4085 829 4172 πεζῇ
851 4094 896 4173 τῇ
919 4088 1007 4168 λέξει
1021 4094 1252 4176 χρησαμένων.

193 4312 209 4374 ¹)
230 4309 287 4374 καὶ,
308 4329 326 4362 α
343 4309 374 4366 in
391 4326 446 4365 ras.
461 4309 508 4364 Ml.
