3182 5136
585 360 629 412 .-·
676 325 758 408 11911
806 359 850 372 -
1221 329 1283 392 213

148 533 210 597 γου
232 513 304 576 καὶ
330 511 415 594 [add.
434 513 476 596 M]
504 523 574 588 τοῖς
604 509 737 578 πάθεσι
766 514 1130 597 καταλαμβανομένων.
1179 517 1282 582 Verba

148 611 193 681 δι’
212 612 408 702 αἰσθήσεως
424 609 549 700 ἀλόγου
570 627 641 692 τοῖς
664 613 805 697 πάθεσι,
833 637 915 702 quae
929 619 1024 702 volgo
1047 618 1194 701 eduntur,
1220 603 1283 686 uon

148 721 228 786 bene
252 739 288 784 so
311 717 431 784 habere
446 717 566 784 dudum
588 719 784 785 intelleetum
800 727 858 786 est.
899 721 1103 787 Ambrosiani
1118 743 1179 807 ope
1195 743 1280 805 vera,

148 823 175 888 si
190 821 270 907 quid
285 823 392 898 video,
409 823 504 888 lectio
519 821 702 906 recuperari
715 829 832 907 potest.
863 823 1026 890 Articulue
1043 825 1118 908 quia
1132 827 1166 891 in
1180 827 1284 911 priore

147 927 289 992 membro
317 926 425 992 nullus
454 931 576 1008 exstat,
610 945 651 992 ue
673 935 744 1002 τοῖς
767 925 895 1008 quidem
913 923 1151 1000 ,ιωωπόβεσι
1178 931 1282 996 locum

148 1029 255 1096 habet.
305 1028 348 1096 At
369 1028 561 1094 adieetivum
583 1027 783 1094 desideratur
804 1030 900 1095 verbo
924 1023 1048 1115 ἀλόγου
1071 1031 1280 1116 respondens,

147 1133 237 1200 ouius
260 1133 375 1198 ultima
397 1132 525 1216 syllaba
547 1131 589 1198 sit
611 1155 681 1208 τοις
703 1132 756 1198 vel
778 1155 861 1216 γοις.
908 1132 1093 1218 Βίοηγοίιιε,
1119 1135 1153 1200 ni
1175 1135 1280 1218 fallor,

148 1235 276 1320 scripsit
298 1242 365 1301 τῶν
386 1258 422 1319 γε
446 1228 494 1300 δι’
513 1231 707 1322 αἰσθήσεως
732 1227 856 1319 ἀλόγου
878 1236 935 1302 καί
959 1229 1131 1321 ἀλόγοις
1153 1236 1284 1304 πάθεσι

148 1340 522 1432 καταλαμβανομένων;
562 1337 603 1404 of.
629 1359 660 1422 p.
681 1342 756 1402 4751
787 1345 886 1404 τοῦτο
915 1332 1007 1424 κάγὼ
1028 1353 1099 1416 τοῖς
1122 1335 1285 1426 ἀναγινώ-

148 1463 268 1508 σκουσι
291 1438 351 1507 τὸν
364 1445 504 1508 Λυσίαν
526 1441 584 1504 καλ
605 1444 656 1516 τίς
678 1434 697 1527 ή
721 1435 806 1525 παρ’
825 1435 916 1526 αάτῷ
944 1439 1042 1529 χάρις
1066 1441 1136 1508 ἐστὶ
1164 1445 1296 1526 βουλο-,

147 1551 263 1629 μένοις
286 1550 425 1628 μαθεῖν,
450 1537 648 1636 ὑποθείμην
670 1538 713 1609 ἀν
728 1542 939 1632 ἐπιτηδεύειν
957 1543 1068 1632 χρόνῳ
1092 1547 1207 1632 πολλῷ
1229 1550 1286 1613 καὶ

147 1657 262 1736 μακρᾷ
285 1653 382 1734 τριβή
405 1648 462 1712 καὶ
485 1642 596 1732 ἀλόγῳ
620 1644 732 1712 πάθει
749 1644 810 1735 τήν
826 1642 950 1733 ἀλογον
965 1661 1145 1716 συνασκεῖν
1160 1650 1286 1739 α’ίσθη-

149 1777 214 1820 σιν.
272 1741 348 1818 1841
371 1749 408 1816 τὸ
434 1747 558 1836 ἀλογον
582 1749 804 1837 ἐπιμαρτυρεῖ
825 1758 883 1838 της
907 1745 1008 1839 ἀκοῆς
1030 1750 1159 1830 πάθος.

234 1859 408 1942 1182111111
439 1850 676 1941 Προελόμενος
699 1851 830 1931 πολλὰς
855 1856 913 1920 καί
935 1852 1123 1942 διαφόρους
1145 1855 1286 1944 πράξεις

149 1961 184 2026 ἐκ
208 1985 244 2026 τε
267 1966 327 2047 τής
345 1952 508 2045 Εὐρώπης
531 1956 567 2022 ἐκ
590 1981 625 2024 τε
648 1965 706 2046 της
724 1955 839 2035 Άσίας
862 1957 910 2035 είς
932 1966 1012 2042 μιᾶς
1023 1962 1043 2044 ¹)
1071 1959 1286 2049 περιγραφήν

149 2066 385 2150 πραγματείας
401 2055 550 2146 ἀγαγεῖν.
596 2061 646 2126 Ex
668 2061 816 2146 Dionysii
839 2081 899 2128 usu
922 2063 1077 2129 rosoribus
1101 2087 1285 2150 συναγα-

149 2179 257 2253 γεῖν,
285 2167 326 2232 ol.
351 2185 384 2250 p.
404 2167 480 2230 8211
504 2162 552 2241 εἰς
574 2168 657 2247 μίαν
676 2163 829 2250 ἱστορίαν
844 2177 1057 2251 συναγαγεῖν.
1105 2171 1158 2232 321
1183 2190 1286 2235 συνα-

150 2271 237 2353 χθὲν
267 2267 316 2346 είς
344 2266 386 2355 ἢν
416 2265 479 2353 ἐγὼ
509 2264 705 2354 προῄρημαι
732 2272 979 2352 πραγματείαν.
1028 2272 1118 2336 81111
1141 2269 1287 2356 προελό-

149 2397 254 2458 μενον
284 2371 333 2449 εἰς
366 2369 544 2454 ἐλάχιστον
575 2365 675 2456 ἀγκον
709 2384 911 2456 συναγαγεῖν
944 2369 1004 2460 τήν
1037 2380 1283 2459 πραγματείαν.

149 2478 296 2544 Aliorum
311 2475 480 2542 verborum
502 2493 574 2540 oum
597 2473 832 2559 praepositione
852 2471 915 2540 σόν
937 2476 1183 2561 oompositorum
1198 2478 1288 2544 sirni-

148 2579 190 2646 lis
219 2598 315 2658 nouo,
349 2577 448 2644 voluti
479 2597 513 2662 p.
532 2579 623 2642 82211
654 2575 702 2653 εἰς
732 2570 869 2662 όμιλίαν
899 2571 1098 2664 ἀνθρώποις
1128 2602 1288 2666 συνερχο-

149 2687 266 2765 μένας.
315 2684 369 2746 991
393 2687 559 2773 ποταμίαν
580 2679 618 2744 δέ
640 2703 676 2764 γε
700 2677 858 2766 σύρρυσις
881 2680 930 2758 εἰς
958 2687 1084 2768 χωρίον
1113 2683 1159 2749 ἐν.
1209 2687 1283 2748 7931

150 2817 193 2842 =
207 2787 287 2852 8691
309 2780 422 2848 πολλὰ
444 2787 644 2848 συντιθέναι
664 2779 818 2870 νοήματα
841 2782 889 2860 εἰς
912 2783 959 2850 ἐν.

235 2889 396 2973 11822111
418 2887 509 2970 legas
531 2893 667 2972 πρῶτον
688 2886 751 2969 μὲν
774 2884 812 2974 δή
832 2883 918 2952 κατὰ
933 2894 1033 2953 τοῦτο
1049 2886 1204 2977 διήλλαξε
1220 2896 1286 2955 τῖον

151 2989 217 3078 πρὸ
243 2983 350 3058 αάτοῦ
379 2993 611 3076 συγγραφέων,
646 2990 731 3074 λέγω
759 2989 795 3056 δέ
825 2987 911 3056 κατὰ
938 2987 975 3056 τὸ
1006 2992 1124 3075 λαβεῖν
1152 2986 1287 3058 ἀπόθε-

152 3119 206 3162 σιν
241 3091 325 3182 μήτε
355 3090 551 3176 μονόκωλον
580 3090 783 3160 παντάπασι
808 3089 900 3182 μήτ’
923 3089 1014 3182 [μηδ’
1032 3097 1070 3180 R]
1097 3095 1145 3174 εἰς
1175 3095 1286 3162 πολλὰ

151 3200 400 3283 μεμερισμένην
421 3197 478 3260 καί
501 3190 714 3284 ἀσυνάρτητα
737 3194 918 3283 κεφάλαια.

236 3302 411 3386 [18231111
443 3299 631 3385 Θουκυδίδῃ
662 3300 698 3366 δέ
825 3295 887 3384 οὐχ
912 3295 1077 3388 ἥρμοττεν
1107 3301 1287 3387 ἐγκατα-

152 3410 296 3490 μίγειν
318 3409 357 3488 τῇ
381 3399 531 3490 διηγήσει
552 3401 612 3480 τὰς
634 3402 820 3490 θεατρικὰς
842 3409 997 3491 γοητείας
1018 3405 1072 3470 M:
1106 3403 1286 3490 ἐγκαταμι-
1351 3389 1353 3398 ¹

153 3507 266 3594 γνύειν
287 3509 327 3573 R.
373 3507 576 3573 Ambrosiani
605 3506 701 3574 leobio
723 3506 817 3574 dooet
847 3505 1183 3593 ἐγκαταμίσγειν
1209 3511 1289 3578 sori-

152 3612 292 3680 bendum
322 3629 405 3677 esee.
452 3611 542 3676 Idem
571 3610 704 3677 verbum
733 3609 924 3696 Sylburgius
951 3632 984 3696 p.
1005 3615 1116 3678 102311
1147 3633 1188 3678 ex
1217 3634 1287 3679 eor—

153 3724 248 3802 ruptu
285 3714 481 3806 exemplaris
518 3714 654 3780 lectione
693 3711 1000 3800 έγκαταμιγόμενον
1036 3715 1195 3782 communi
1230 3717 1286 3782 illo

155 3819 285 3902 quidem
314 3838 384 3884 oum
413 3817 625 3884 Ambrosieno
653 3816 713 3883 etsi
743 3816 928 3884 dubitanter
957 3817 1076 3884 elicuit.
1127 3818 1221 3897 Quod
1250 3841 1288 3886 oo

156 3922 223 3988 looo
236 4006 238 4011 .
252 3921 287 3986 in
317 3919 511 3987 editionibus
538 3919 654 4004 legitur
684 3917 1021 4005 ἐγκαταμιγυόμενον,
1054 3921 1205 3988 Reiskius
1233 3943 1288 3988 eo-

158 4024 227 4090 dem
249 4030 377 4090 auotore
399 4023 505 4088 minus
527 4028 614 4089 reete
636 4021 733 4089 dedit.
781 4023 920 4088 Verbum
942 4027 1075 4108 μίσγειν
1096 4045 1116 4089 a
1138 4024 1286 4109 Dionysii

225 4250 241 4314 ¹)
262 4251 330 4318 μιᾶς
347 4246 469 4317 Kruog.:
493 4246 565 4318 μίαν
582 4246 651 4301 MR.
