3182 5136
298 388 359 448 nso
731 417 773 426 -
822 379 905 462 [314]
952 415 996 423 -

296 594 328 657 p.
350 574 470 651 100413,
500 591 543 648 ιε;
579 562 660 633 ὅσον
689 566 720 631 οἱ
749 567 814 649 μὲν
840 604 883 614 -
911 559 1007 652 ἡμεῖς
1039 564 1075 630 δὲ
1105 563 1223 648 legitur
1250 585 1283 648 p.
1307 567 1431 642 100215,

298 675 406 738 1003κ.
456 673 627 738 Praeterea
663 689 747 753 quae
778 670 840 734 huc
872 669 978 735 facere
1011 668 1153 754 possint,
1193 667 1294 734 habes
1330 667 1433 734 haec:

297 799 329 862 p.
343 778 439 840 10020
462 773 495 840 οἱ
517 771 675 859 μὲνγὰρ,
702 792 817 839 versi
844 765 939 860 ἡμεῖς
962 771 1014 852 δέ;
1047 791 1131 838 vers.
1151 797 1164 836 ο
1187 765 1337 837 κάκεῖνοι
1357 772 1434 854 μὲν7

294 900 379 946 vers.
406 903 430 943 n
462 871 556 964 ἡμεῖς
586 876 633 942 δέ.
680 877 749 941 Iam
778 875 819 942 de
849 874 1052 941 Ambrosiani
1081 875 1219 940 lectione
1247 874 1435 940 videndum.

294 983 402 1050 Verba
424 979 550 1057 ἐκεῖνος
572 977 719 1066 μὲνγὰρ
743 997 823 1045 sena
844 999 908 1044 non
931 984 1020 1057 sunt;
1047 997 1152 1061 neque
1167 978 1252 1044 enim
1267 978 1349 1044 inter
1362 980 1438 1044 Isc-

297 1086 392 1152 cratis
415 1086 515 1152 verba
536 1089 707 1150 occurrunt
728 1089 761 1148 et
783 1081 900 1168 plurali
922 1083 1038 1148 saltem
1059 1101 1190 1148 numero
1212 1083 1340 1166 prolata
1361 1101 1439 1148 csse

294 1189 463 1255 debebant.
504 1187 554 1252 Ex
568 1185 697 1252 diverso
709 1185 912 1251 Ambrosiani
927 1184 1097 1252 lectionem
1111 1177 1262 1252 κάκεῖνοι
1275 1185 1438 1270 integram

295 1294 387 1360 duco.
435 1293 496 1358 Pro
520 1288 646 1366 ἐκεῖνος
668 1285 816 1374 μὲνγὰρ
839 1295 970 1374 propter
991 1287 1167 1372 particulas
1190 1286 1332 1374 μὲνγὰρ
1354 1290 1439 1355 scri—

295 1398 371 1462 bere
394 1394 503 1458 malim
527 1392 566 1458 cl
587 1389 735 1478 μὲνγὰρ
757 1413 789 1477 p.
811 1395 918 1472 10020,
945 1398 1019 1476 post
1034 1383 1185 1457 κάκεῖνοι
1205 1392 1257 1475 (=
1271 1413 1303 1478 p.
1322 1394 1430 1472 10029)

296 1499 396 1566 verba
424 1490 519 1584 ἡμεῖς
554 1495 591 1560 δὲ
628 1496 669 1579 (p.
699 1497 819 1578 100211)
860 1493 1063 1560 intercidisse
1099 1495 1261 1579 suspicor,
1299 1503 1336 1561 ut
1367 1501 1452 1568 tota.

298 1601 517 1686 exemplorum
540 1598 640 1664 series
662 1597 709 1663 ita
731 1597 799 1663 fere
822 1597 1045 1663 constituatur:
1079 1595 1118 1660 οἵ
1137 1591 1169 1660 τ’
1195 1591 1377 1684 ἀρχαὶκαὶ
1400 1599 1437 1662 αἱ

297 1703 464 1790 ἐπιφοραὶ
486 1704 641 1766 τοιαῦταί
663 1698 764 1766 εἰσιν
799 1697 831 1764 οἱ
852 1698 915 1781 μὲν
937 1697 1018 1785 γὰρ,
1043 1692 1139 1786 ἡμεῖς
1162 1699 1209 1782 δὲ,
1229 1699 1353 1790 <καὶ·>
1375 1696 1439 1766 κᾶ-

296 1821 402 1874 κεῖνοι
418 1804 526 1893 (μὲν,
553 1798 675 1891 ἡμεῖς
698 1803 717 1868 δ
726 1803 768 1892 ὲ),
795 1803 867 1867 καὶ·
893 1801 970 1868 τότε
992 1802 1064 1886 μὲν,
1090 1809 1153 1869 νῦν
1175 1803 1222 1886 δὲ,
1249 1806 1324 1869 καὶ·
1351 1799 1438 1872 ὅσον

297 1909 329 1976 οἱ
351 1910 423 1993 μὲν,
450 1903 545 1996 ἡμεῖς
568 1907 615 1990 δὲ,
642 1907 715 1972 καὶ·
742 1913 841 1972 τοῦτο
864 1906 937 1989 μὲν,
964 1913 1063 1972 τοῦτο
1087 1905 1135 1972 δέ.

382 2036 414 2098 p.
436 2015 561 2077 1022535
583 2015 773 2097 Διαφέρειν
792 2003 891 2075 οὐδὲν
907 2008 1041 2094 ἐμαυτῷ
1056 2009 1144 2074 δοκεῖ
1158 2017 1225 2076 τῶν
1240 2007 1282 2074 τὰ
1296 2018 1437 2098 μητρῷα

297 2117 353 2182 καὶ
382 2112 423 2178 τὰ
452 2111 677 2200 κορυβαντικὰ
710 2164 715 2177 .
745 2164 750 2176 .
781 2163 786 2176 .
813 2113 1037 2196 τελουμένων,
1071 2107 1133 2178 εἴτ’
1160 2107 1284 2196 ὀσμαῖς
1313 2111 1439 2179 ἐκεῖνοί

297 2243 333 2304 γε
356 2213 417 2284 εἴτ’
436 2213 530 2304 ἡχοις
553 2216 619 2282 εἴτε
642 2223 708 2282 τῶν
730 2213 903 2298 δαιμόνων
925 2213 1095 2298 πνεύματι
1123 2210 1214 2301 αὐτῷ
1243 2215 1437 2300 κινούμενοι

297 2319 357 2399 τὰς
380 2319 510 2398 πολλὰς
530 2372 535 2384 .
558 2370 592 2384 ..
619 2317 831 2402 λαμβάνουσι
854 2323 1057 2406 φαντασίας.
1097 2322 1158 2386 Pro
1181 2327 1247 2386 τῶν
1263 2319 1440 2403 δαιμόνων

298 2423 468 2510 πνεύματι
498 2418 588 2509 αὐτῷ
614 2423 782 2507 flagitante
810 2423 1021 2507 grammatica
1043 2423 1165 2490 scribas
1188 2431 1240 2508 τῷ
1263 2423 1439 2507 δαιμόνων

298 2525 468 2611 πνεύματι
490 2519 591 2611 αὐτῷ.

384 2653 416 2716 p.
438 2634 564 2695 1027ess
583 2623 745 2714 Ἐγκώμια
769 2623 802 2694 δ’
821 2627 858 2694 ἐν
880 2635 926 2714 τῷ
949 2634 1129 2713 συμποσίῳ
1145 2629 1258 2695 πολλὰ
1273 2631 1337 2714 μὲν
1353 2631 1437 2716 ’ἐρω-

298 2761 364 2817 τος,
392 2727 439 2802 ὧν
463 2735 536 2800 ἔνια
559 2728 619 2800 οὐκ
643 2730 721 2813 ἄξια
744 2734 895 2820 σπουδῆς
918 2727 995 2799 οὐδὲ
1018 2731 1228 2820 Σωκράτους,
1256 2729 1381 2802 δποῑον
1397 2735 1435 2823 δὴ

298 2864 393 2905 ποτε.
427 2833 533 2905 οὐδὲν
562 2836 625 2924 γὰρ
656 2838 787 2920 δέομαι.
829 2844 891 2903 νῦν
923 2836 959 2901 δὲ
989 2838 1069 2923 περὶ
1105 2836 1227 2904 τούτου
1256 2839 1368 2924 λέγειν
1390 2842 1433 2905 Μ.

300 2944 404 3010 Verba
426 2948 573 3026 corrupta
596 2948 679 3007 sunt.
725 2939 890 3006 Intercidit
918 2943 999 3025 (post
1027 2940 1185 3028 σπουδῆς)
1214 2943 1393 3008 membrum
1415 2965 1436 3009 a

297 3047 403 3114 verbis
426 3043 538 3110 πολλὰ
561 3045 597 3110 δὲ
618 3044 787 3128 incipiens,
813 3063 876 3126 quo
897 3043 1098 3110 laudationes
1113 3043 1148 3109 in
1164 3045 1331 3112 Socratem
1349 3068 1434 3113 corn-

298 3150 566 3216 memorabantur.
621 3149 664 3214 Ut
691 3148 726 3212 in
753 3148 824 3213 loco
852 3147 1006 3212 mendoso
1036 3147 1076 3213 de
1107 3148 1213 3214 verbis
1244 3142 1370 3216 ὁποῖον
1397 3148 1433 3236 δή

299 3276 383 3318 ποτε
417 3253 494 3320 certi
525 3252 692 3336 quiequam
726 3251 822 3317 statui
856 3250 975 3333 nequit.
1029 3251 1178 3316 Proxima
1208 3252 1255 3318 ita
1287 3253 1435 3320 videntur

299 3356 438 3440 legenda
476 3375 567 3421 esse:
619 3348 724 3420 οὐδὲν
764 3350 827 3438 γὰρ
869 3353 989 3436 δέομαι
1027 3361 1089 3420 νῦν
1122 3371 1158 3438 με
1192 3356 1272 3440 περὶ
1312 3355 1434 3423 τούτου

299 3462 418 3544 λέγειν.

384 3585 417 3648 p.
438 3565 578 3628 10281oss
603 3557 657 3628 Ἔν
688 3558 751 3646 γὰρ
782 3567 828 3644 τῷ
856 3557 970 3626 πάντα
999 3558 1041 3625 τὰ
1070 3559 1287 3649 προσήκοντα
1318 3569 1435 3650 σφίσιν

300 3660 414 3741 αὐτοῖς
438 3665 526 3745 ’ἐχειν
548 3662 626 3740 τοὺς
648 3668 891 3746 θαπτομένους
915 3662 993 3750 ἐνῆν
1015 3665 1073 3728 καὶ
1094 3661 1131 3729 τὸ
1160 3671 1434 3753 προπεμφθῆναι

299 3764 342 3832 τὰ
364 3761 491 3849 σώματ’
511 3761 621 3831 αὐτῶν
644 3764 701 3830 ἐπὶ
724 3763 784 3841 τὰς
799 3764 912 3852 ταφὰς
928 3766 1074 3853 δημοσίᾳ
1090 3791 1125 3832 τε
1141 3767 1198 3831 καὶ
1215 3766 1294 3854 ἰδίᾳ,
1316 3763 1399 3834 ὥστε
1415 3763 1434 3832 ἆ

299 3873 362 3937 lac.
389 3873 472 3934 6-7
488 3869 550 3933 litt.
577 3875 642 3934 τῶν
664 3869 744 3954 περὶ
767 3866 827 3944 τὰς
849 3868 962 3955 ταφὰς
983 3874 1138 3952 νομίμων
1159 3877 1259 3936 τοῦτο
1282 3864 1434 3954 ὑπελάμ-

298 3980 403 4058 βανεν
425 3967 442 4038 ὁ
468 3967 551 4060 ἀνὴρ
575 3966 673 4050 εἶναι,
699 3973 784 4056 λέγω
809 3971 848 4060 δὴ
872 3969 909 4038 τὸ
933 3985 1097 4060 παρεῖναι
1118 3971 1267 4050 πολλοὺς
1290 3987 1365 4052 ταῖς
1384 3974 1433 4041 ἑκ-

298 4079 453 4162 κομιδαῖς
475 4077 518 4140 Μ.
566 4075 657 4154 Quae
679 4076 774 4158 volgo
795 4083 868 4160 pest
893 4070 976 4141 ὥστε
1007 4077 1158 4161 leguntur
1188 4070 1375 4162 ἀναγκαῖον
1395 4066 1433 4164 ἦν

300 4181 405 4248 πάλιν
419 4174 522 4246 ταδτδ
538 4180 661 4263 λέγειν·
684 4177 713 4243 εἰ
728 4175 772 4265 μὴ
789 4177 969 4264 κράτιστον
985 4231 991 4243 .
1008 4231 1033 4244 ..
1054 4200 1126 4248 sero
1142 4170 1270 4246 demum
1287 4184 1430 4267 suppleta

299 4305 371 4352 essc
388 4284 616 4350 Ambrosianus
632 4287 798 4348 monstrat.
839 4283 927 4367 Lego
943 4278 1026 4348 ὥστε
1044 4279 1251 4372 δι’(ριστον)
1274 4292 1341 4351 των
1355 4285 1428 4368 περὶ
