3250 5146
297 381 337 450 ιτ
731 420 775 432 -
823 339 906 468 [roo]
956 419 1009 432 -·

378 574 426 639 ito
439 573 473 639 in
488 570 673 639 Florentino
689 579 757 639 est:
993 572 1027 636 in
1042 571 1253 664 Ambrosiano
1268 569 1330 635 ita:

298 684 364 743 τῶν
372 677 435 760 μὲν
445 670 566 758 ἀλλων,
580 673 623 762 ἀφ
635 672 686 751 οἷς
699 671 767 741 ίάν
779 670 842 741 ἀν·
894 681 960 740 τιῐιν
975 675 1037 757 μὲν
1053 669 1164 739 ἀλλων
1181 667 1232 759 ἐφ’
1252 669 1303 748 οἷς
1317 673 1379 738 leo.
1398 675 1436 736 19

298 783 529 866 θρωπίναις
543 778 686 862 (alterum
700 779 761 844 ain
774 797 838 844 rae.
893 777 1072 842 litterarum
1085 783 1145 842 τοῦ
1160 775 1201 840 δὲ
1218 774 1369 841 πλουτου
1381 776 1438 839 καὶ

298 884 349 966 1⁴⁷1)
369 888 429 948 τοῦ
445 881 481 947 δὲ
497 877 648 946 πλούτου
666 881 723 946 καὶ
739 875 843 968 ἀρχῆς
896 874 999 966 ἀρχῆς
1021 881 1078 944 καὶ
1094 879 1292 955 δυναστείας
1308 875 1439 943 πολλά-

299 987 356 1050 καὶ
372 986 570 1060 δυναστείας
586 981 750 1063 πολλάκις
764 981 843 1060 τοὺς
894 1004 946 1059 κις
976 979 1054 1059 τοὺς
1085 979 1231 1068 ἐχθροὺς
1260 985 1440 1065 συμβαίνει

299 1083 446 1173 εχθροάς
467 1091 646 1169 συμβαίνει
667 1089 712 1170 (αι
726 1088 760 1152 in
774 1107 838 1152 rae.
895 1091 1054 1170 γίνεσθαι
1074 1085 1166 1166 (inter
1181 1107 1212 1149 ει
1230 1092 1262 1150 et
1284 1089 1317 1169 μί
1340 1085 1400 1149 litt.
1419 1107 1439 1149 ν

298 1191 348 1274 m)
368 1194 528 1274 γίνεσθαι
543 1195 688 1276 κυρίους,
895 1189 991 1272 erae.)
1012 1192 1156 1274 κυρίους,

299 1301 357 1380 τής
381 1293 417 1358 δὲ
439 1287 558 1378 ἀρετῆς
579 1293 637 1357 καὶ
660 1299 718 1380 τής
737 1289 833 1379 παρὰ
855 1301 926 1368 τοῖς
948 1289 1120 1379 πλήθεσιν
1135 1285 1268 1366 εὐνοίας
1291 1287 1369 1366 τοὺς
1389 1289 1440 1354 οἰ-

299 1401 410 1472 κείους
426 1392 568 1460 ἑκάστου
582 1397 813 1483 κληρονομεῖν.

385 1501 597 1566 Ambrooiano
609 1499 819 1585 archetypum
834 1499 970 1583 exprimi
986 1498 1102 1583 probat
1116 1497 1275 1582 particula
1290 1497 1336 1578 δὲ,
1357 1517 1440 1580 quae

300 1609 430 1688 propter
445 1603 637 1669 sententiam
659 1601 735 1668 ferri
756 1603 876 1685 nequit,
903 1621 961 1686 pro
983 1625 1018 1666 τε
1039 1601 1243 1685 interpolata,
1270 1600 1355 1683 quod
1370 1601 1440 1666 voi-

300 1713 378 1790 gata
407 1706 557 1772 enesoio
586 1706 677 1796 onius
707 1706 889 1772 coniectura
919 1706 1070 1789 praebet3
1107 1724 1182 1768 nam
1212 1704 1373 1788 partioula
1403 1703 1440 1768 δὲ

301 1809 377 1891 quin
399 1815 472 1892 post
493 1810 642 1874 lacunam
666 1809 794 1874 demum
810 1814 914 1872 vortam
929 1806 1040 1872 addita
1063 1807 1114 1891 sit,
1141 1806 1274 1872 dubium
1296 1825 1361 1872 non
1377 1815 1437 1872 est.

216 1988 219 1993 ,
301 1911 505 1977 Florentinus
529 1931 599 1976 oum
623 1911 749 1996 etipse
772 1909 808 1975 δὲ
831 1931 888 1994 pro
912 1933 946 1974 τε
969 1910 1098 1990 habeat,
1125 1911 1179 1974 vel
1202 1929 1240 1974 eo
1262 1893 1361 1975 verba
1381 1906 1442 1974 ἐὰν

302 2009 541 2100 ἀνθρωπίναις
562 2035 626 2078 non
648 2022 768 2080 temere
792 2015 905 2094 solum,
938 2012 995 2078 sed
1018 2013 1115 2078 etiam
1136 2013 1250 2078 insano
1273 2011 1367 2078 modo
1389 2013 1441 2076 in-

301 2125 391 2182 trusa
414 2135 486 2183 erse
508 2117 632 2201 probat.
680 2117 778 2182 Recte
809 2123 915 2182 autem
938 2116 979 2180 H.
997 2114 1133 2180 Wolfius
1155 2115 1304 2179 lacunam
1329 2115 1442 2198 exple-

301 2220 365 2302 vit,
406 2239 478 2286 oum
508 2219 662 2286 scriberet
695 2225 760 2284 τιῖιν
788 2219 851 2301 μὲν
878 2213 998 2301 ἀλλων,
1034 2211 1086 2303 ἐφ’
1106 2213 1157 2293 οἷς
1184 2215 1378 2304 (χαίρουσιν
1409 2217 1442 2282 οἱ

303 2321 457 2410 πολλοί,>
473 2329 534 2387 τοῦ
553 2345 587 2386 τε
607 2318 758 2386 πλούτου
780 2323 837 2386 καὶ
856 2315 959 2407 ἀρχῆς
982 2321 1039 2384 καί
1058 2320 1267 2401 δυναστείας,
1287 2320 1443 2384 suadente

302 2425 362 2491 hoo
384 2425 489 2510 ipsum
513 2431 544 2490 et
560 2445 760 2509 summopere
779 2423 1025 2490 commendante
1041 2422 1245 2488 Ambrosiani
1268 2422 1385 2488 lacuna
1403 2419 1448 2485 19·

302 2529 490 2594 litterarum.

389 2647 454 2712 Alii
476 2654 644 2732 praeterea
666 2647 730 2712 looi
751 2646 794 2727 id,
822 2645 907 2728 quod
923 2646 1058 2712 alterum
1081 2643 1183 2729 posui,
1210 2644 1347 2729 probant
1365 2664 1443 2710 oon-

303 2750 441 2817 traxisse
455 2749 658 2816 Ambrosiam
681 2749 845 2834 exemplar
866 2768 967 2815 novas
988 2749 1078 2814 labes
1101 2755 1228 2833 praeter
1242 2754 1368 2813 veteres
1389 2768 1445 2812 ar-

304 2852 445 2937 ohetypi.

390 2957 426 3020 Ρ.
446 2957 732 3020 57014ss=1soon
751 2954 791 3020 de
807 2973 888 3038 paee
911 2955 985 3039 §12
1008 2955 1125 3037 legitur

447 3057 480 3122 in
500 3057 698 3123 Florentino:
1028 3057 1062 3121 in
1083 3056 1309 3122 Ambrosiano:

306 3155 380 3225 ἀλλ’
421 3159 562 3241 ἑτοίμως
602 3159 739 3243 1ε’χομεν,
784 3183 848 3245 μή·
901 3153 977 3224 ἀλλ’
1012 3157 1153 3241 ἑτοίμως
1184 3157 1305 3240 ἔχομεν
1332 3155 1377 3246 μή
1409 3154 1443 3222 δ’

306 3262 374 3340 δείς
397 3260 434 3328 τὸ
458 3259 616 3348 πρόσθεν
637 3258 717 3349 ήμῖν
733 3255 849 3338 αὐτοῖς
901 3261 949 3338 εἰς
975 3253 1017 3326 τδ
1040 3259 1199 3347 πρόσθεν
1224 3255 1304 3348 ήμῖν
1330 3255 1446 3338 αὐτοῖς

306 3363 567 3452 πράττοντες
594 3363 739 3452 τριήρεις
762 3366 849 3451 πλή-
900 3366 963 3431 lao.
976 3367 1099 3429 13-15
1116 3365 1177 3430 litt.
1197 3361 1342 3451 τριήρεις
1358 3367 1447 3451 πλή-

307 3476 399 3555 ροῦν.
670 3493 672 3497 ’
901 3475 993 3554 ρουν.

393 3573 428 3636 P.
445 3571 727 3636 57411ss=lsoon
755 3569 794 3634 de
817 3591 897 3654 pace
921 3572 994 3655 §43
1018 3570 1118 3636 habes

450 3673 484 3738 in
499 3673 701 3739 Florentino:
1007 3699 1008 3704 ¹
1030 3672 1064 3736 in
1079 3672 1305 3737 Ambrosiano:

308 3778 341 3840 οἳ
375 3783 538 3842 τοσοῦτον
573 3770 851 3858 ἀπολελείμμεθα
904 3777 937 3841 οἳ
970 3782 1132 3840 τοσοῦτον
1168 3767 1447 3856 ἀπολελείμμεθα

308 3879 451 3956 καὶτοῖς
469 3878 579 3965 ἐ’ρμοις
601 3879 658 3942 καί
681 3889 754 3954 ταῖς
778 3878 852 3943 δια·
903 3880 1046 3954 καὶτοῖς
1068 3877 1178 3963 ἐ’ργοις
1199 3877 1256 3941 καὶ
1276 3887 1350 3952 ταῖς
1374 3876 1449 3941 δια-

307 3985 417 4057 νσίαις
454 3987 520 4046 τῶν
562 3991 755 4046 κατεκεῖνον
792 3977 853 4046 τὸν
902 3975 1173 4057 νοίαιςτιῖινκατ’
1190 3978 1349 4060 ἐκεῖνονί)
1368 3986 1371 4030 Ι
1389 3976 1450 4044 τὸν

309 4080 432 4169 χρόνον
443 4088 630 4168 γινομένων
641 4078 723 4149 ὅσον
739 4082 770 4146 οἱ
790 4083 853 4165 μὲν
904 4081 1027 4169 χρόνον
1042 4087 1232 4168 γενομέναν
1245 4077 1326 4148 ὅσον
1342 4081 1450 4164 οἱμὲν

381 4292 397 4352 1)
420 4287 528 4343 ἐκεῖνον
539 4291 602 4353 τῶν,
624 4289 679 4344 del.
694 4290 750 4340 τῶν
767 4289 824 4363 M¹·.
