3224 5140
586 476 630 486 -
678 439 760 520 [219]
808 473 851 484 -
978 412 981 418 ’
1226 439 1288 500 135

154 583 217 714 pei
240 629 379 713 primum
409 634 531 692 tantum
562 633 594 692 et
617 625 790 691 seeundum
819 625 935 690 librum
964 629 1110 690 annulata
1138 623 1288 688 collatum

155 740 283 817 praesto
306 750 388 796 esse.
436 731 550 810 Itaque
572 729 604 792 in
628 727 746 793 iudicio
769 726 808 793 de
832 726 1025 811 exemplaris
1046 747 1116 790 cum
1133 725 1289 790 Vaticano
1409 767 1412 774 ,

155 843 209 899 aut
230 833 447 898 Laurentiano
478 831 635 897 affinitate
664 830 812 896 faciendo
839 829 995 914 imprimis
1021 828 1196 894 videndum
1226 835 1285 908 est,

155 937 302 1018 quotiens
332 955 404 999 anm
426 935 463 1014 Β,
501 933 646 1016 quotiens
681 932 800 998 cumC
833 951 891 1016 per
924 931 1046 1015 priores
1079 929 1159 996 duos
1192 930 1293 994 libros

155 1046 320 1122 congruat.

688 1159 756 1236 οη.

242 1296 330 1357 85911
353 1293 501 1356 :122³
524 1311 556 1374 p.
576 1293 630 1354 283
655 1287 829 1365 ἕωιιτόνως
860 1290 895 1355 δὲ
925 1283 1113 1375 εὑρίσκετο,
1147 1287 1234 1354 διότι
1257 1289 1289 1355 oi

156 1393 325 1481 παρόντες
354 1405 425 1469 τοῖς
454 1391 564 1478 ἔργοις
594 1390 747 1468 ἑκάστοις
777 1387 817 1458 οδ
839 1387 944 1458 ταύτὰ
973 1394 1053 1476 περὶ
1083 1399 1147 1458 τῶν
1181 1387 1294 1458 αὐτῶν

157 1498 286 1583 ἔλεγον,
321 1491 396 1560 ἀλλ’
429 1490 472 1571 ὡς
503 1494 714 1580 ἑκατέρων
742 1498 821 1579 τιςῖ)
853 1489 986 1572 εὐνοίας
1011 1491 1028 1582 ii
1050 1494 1182 1582 μνήμης
1205 1494 1289 1578 ἔχοι,

157 1623 226 1666 aum
250 1601 318 1667 solo
342 1601 386 1666 O:
419 1598 565 1682 ἑκατέρῳ
589 1600 624 1677 Β,
644 1598 786 1664 Anna.

241 1725 319 1786 8613
355 1722 472 1804 110753)
509 1748 549 1775 =
580 1719 595 1783 Ι
627 1721 681 1784 233
716 1740 749 1803 p.
783 1721 836 1782 201
875 1719 946 1782 καὶ
981 1712 999 1805 ἡ
1032 1712 1135 1801 οόχ3)
1172 1713 1291 1805 ἥκιστα

157 1821 321 1907 βλάψασα
343 1823 400 1886 καὶ
422 1826 524 1906 μέρος
548 1823 609 1904 τιί)
638 1825 814 1906 φθείρασα
838 1815 856 1907 ή
881 1819 1045 1907 λοιμώδης
1067 1818 1185 1901 νόσος,
1219 1841 1290 1886 cum

159 1927 237 1992 OG:
265 1925 322 1989 καὶ
345 1919 406 2004 οὐχ
428 1925 466 2001 Β,
485 1924 594 1988 AEF.

243 2050 320 2110 8043
342 2047 452 2128 (80813)
472 2075 515 2098 =
536 2045 552 2108 I
576 2046 629 2110 703
653 2063 685 2128 p.
705 2048 760 2108 553
792 2041 823 2106 οί
843 2043 906 2124 μὲν
935 2043 992 2106 καὶ
1021 2039 1116 2128 παρὰ
1148 2041 1291 2125 δύναμιν

159 2150 319 2236 τολμηταὶ
342 2149 399 2212 καὶ
420 2144 516 2230 παρὰ
539 2144 673 2232 γνώμην
694 2145 905 2211 κινδυνευταὶ
933 2147 989 2210 καὶ
1019 2145 1063 2214 ἐν
1089 2159 1155 2212 τοῑ
1163 2171 1180 2224 ς
1203 2147 1222 2212 δ
1230 2171 1292 2212 ει-

160 2265 248 2329 νοῖς
271 2246 492 2333 εόέλντιδεςῦ),
520 2271 590 2315 aum
614 2249 752 2331 O,EM⁵,
785 2249 885 2315 schol.
912 2250 1043 2315 Aristid.
1069 2249 1167 2315 Dind.
1187 2253 1287 2328 25333,

160 2358 228 2421 Fro.
249 2357 321 2420 834:
349 2353 407 2420 ἐντί
429 2364 500 2429 τοῖς
523 2352 646 2428 δεινοῖς
668 2353 705 2433 Β,
726 2351 834 2417 AFG.

245 2476 322 2539 8403
352 2504 394 2528 ==
423 2473 439 2537 I
472 2476 543 2536 1001
574 2493 607 2556 p.
635 2475 688 2536 723
727 2467 819 2535 εἶλον
858 2468 1004 2556 τριήρεις
1035 2475 1204 2537 Φοινίκων
1234 2473 1291 2536 καὶ

161 2577 363 2662 διέφθειραν
386 2573 446 2652 τὰς
468 2572 583 2650 πάσας
614 2572 653 2650 ἐς
677 2574 920 2654 διακοσίας,
956 2594 1028 2639 cum
1052 2573 1221 2655 QEFG:
1257 2573 1291 2651 ἐς

161 2677 216 2756 τὰς
240 2679 414 2754 διακοσίας
437 2679 511 2742 ΒΑ.

243 2799 502 2864 8352=11182
524 2819 556 2882 p.
577 2801 646 2863 8133
669 2803 775 2862 ταῦτα
798 2795 835 2860 δὲ
858 2795 1038 2877 ξύμπαντα
1065 2846 1099 2860 ..
1122 2847 1128 2861 .
1159 2795 1290 2881 ἐγένετο

162 2902 195 2969 ἓν
210 2902 298 2968 ἔτεσι
320 2899 530 2987 πεντήκοντα
553 2896 700 2982 μάλιστα
722 2896 850 2980 μεταξὺ
871 2906 938 2986 της
962 2923 1001 2964 τε
1025 2900 1185 2985 Ξέρξου
1208 2893 1292 2965 άνα-

160 3004 335 3092 χωρήσειας
357 3005 414 3067 καί
436 3010 494 3089 της
517 2997 621 3088 ἀρχῆς
643 3001 740 3066 τοῦδε
763 3007 824 3066 τοῦ
846 3001 1008 3084 πολέμου,
1035 3022 1106 3068 eum
1130 3002 1207 3068 OG:
1234 3010 1292 3090 τῆς

162 3109 287 3194 Ξέρξου
309 3109 351 3187 Β,
371 3107 477 3171 ΑΕΒ.
525 3105 573 3171 Of.
600 3106 632 3169 II
657 3107 709 3168 131
733 3101 771 3170 τὸ
794 3101 920 3186 μεταξὺ
943 3111 1002 3170 τοῦ
1024 3128 1059 3169 τε
1081 3112 1214 3190 μακροῦ
1235 3107 1292 3170 καὶ

162 3219 218 3277 τοῦ
234 3212 438 3296 Φαληρικοί).
470 3209 518 3272 ΙΠ
532 3211 607 3273 1063
624 3203 856 3286 διεξελθόντες
871 3204 998 3289 μεταξὺ
1013 3215 1071 3294 της
1086 3232 1121 3273 τε
1133 3206 1293 3293 Ἀργείων

162 3311 290 3389 πόλεως
313 3313 370 3376 καί
393 3319 450 3398 τής
474 3309 532 3376 ἐντί
554 3308 703 3396 Κρήναις
724 3307 940 3395 Ἀκαρνάνων
969 3311 1132 3398 φυλακῆς.
1172 3313 1217 3376 IV
1237 3316 1292 3376 423

162 3415 257 3497 ίσχον
279 3411 406 3497 μεταξὺ
428 3411 649 3499 Χερσονήσου
671 3436 705 3477 τε
728 3413 784 3476 καὶ
805 3407 940 3508 Ῥείτου.
988 3415 1033 3478 VI
1056 3420 1087 3478 51
1113 3413 1208 3502 φωνή
1231 3415 1295 3498 μὲν

162 3516 283 3600 μεταξὺ
306 3524 364 3603 τής
387 3540 422 3581 τε
445 3515 646 3580 Χαλκιδέων
674 3516 731 3579 καὶ
760 3515 915 3600 Δωρίδος
949 3513 1091 3603 ἑκράθη.
1138 3519 1215 3583 VIII
1237 3521 1292 3582 951

163 3616 358 3707 ὁρμίζονται
379 3617 505 3701 μεταξὺ
530 3622 676 3704 Θορικοῦ
699 3643 733 3683 τε
756 3619 814 3683 καὶ
835 3623 1010 3703 Πρασιῶν.

244 3724 503 3790 835⁶=11182
525 3743 557 3805 p.
577 3724 629 3786 821
656 3719 692 3786 ἐν
715 3718 765 3798 οἷς
789 3720 828 3785 οί
850 3718 1072 3807 Ἀθηναῖοι
1094 3720 1155 3808 τήν
1177 3746 1212 3787 τε
1232 3716 1294 3808 άρ-

229 3949 246 4012 ¹]
268 3948 377 4002 Miuuta
401 3945 471 4000 haec
489 3949 568 3998 sunt:
591 3946 656 3996 8512
676 3961 703 4013 p.
721 3945 802 3996 11623
822 3939 960 4014 τρόπαιον
977 3944 1013 4004 Μ,
1028 3944 1069 4000 0:
1095 3951 1233 4015 τροπαῖον
1249 3945 1295 4013 ΒΙΙ

162 4035 223 4085 0323
243 4050 270 4101 p.
289 4034 370 4084 13913
392 4031 421 4085 δὲ
446 4028 628 4083 ἐπικίνδυνον
646 4029 740 4095 no:
772 4027 800 4082 δ’
820 4027 937 4084 ἕπτκ.Β
973 4033 984 4094 ll
1025 4030 1043 4093 ²)
1064 4031 1160 4094 τὶςΒ,
1186 4031 1295 4100 τίςΜΙλ

162 4167 179 4230 ³,
199 4131 316 4235 κατ”ιοχ
334 4168 372 4221 τυ
392 4168 474 4218 13333
506 4169 516 4230 η
557 4167 575 4230 η
597 4155 682 4237 μέρος
700 4166 727 4218 τι
743 4166 770 4220 n
789 4167 854 4217 ann
886 4169 897 4232 η
937 4166 955 4230 ⁵)
978 4162 1008 4218 ιο
1027 4164 1186 4225 33313331.
1208 4168 1291 4218 soen

164 4253 245 4307 verba
269 4252 316 4305 καὶ
341 4249 372 4304 ἓν
394 4256 453 4309 τοῖς
476 4250 579 4308 δεινοῖς
603 4248 746 4309 εὐέλπιδες
769 4266 822 4304 om.
843 4250 915 4314 AL,
940 4253 1007 4306 item
1025 4252 1086 4306 MR
1103 4251 1290 4314 Herwerdeni,

165 4334 248 4390 Paris.
269 4353 294 4390 n.
311 4337 373 4386 1741
394 4335 497 4390 Gnosii.
