3182 5136
310 395 372 457 228
745 427 789 437 -
836 391 919 473 [ειν]
967 381 1017 436 -’

309 580 431 646 sionem
461 578 662 664 aDicuysic
692 579 790 644 statui
819 583 926 658 ratus,
961 598 1031 643 cum
1062 577 1095 642 in
1125 577 1265 643 secundo
1298 577 1451 662 exemplo

308 684 408 749 verba
429 681 560 748 minime
589 681 675 747 idem
698 681 880 764 significare
902 681 1040 764 videret,
1074 681 1201 766 proprio
1223 681 1324 747 Marte
1347 681 1451 767 φιλο-

308 789 485 868 τιμεῖσθαι
514 791 546 851 et
576 781 795 869 ἐγκωμιάζειν
822 785 868 850 ita
897 781 1019 868 aliquo'
1033 784 1125 849 modo
1147 783 1264 864 iunxit,
1296 791 1331 849 ut
1358 784 1451 868 glos-

309 909 399 956 sema
421 889 554 954 adderet
582 909 646 954 neu
669 885 705 952 τὸ
730 885 793 973 γάρ
817 882 900 954 αὐτὸ
924 889 1185 974 φιλοτιμεῖσθαί
1207 912 1242 954 τε
1265 888 1322 952 καὶ
1345 886 1453 973 ἐγκω-

308 989 451 1075 μιάζειν,
485 992 541 1057 sed
572 988 609 1056 τδ
640 988 703 1078 γάρ
733 986 815 1058 αὐτὸ
840 993 1100 1078 φιλοτιμεῖσθαί
1129 1015 1164 1056 τε
1193 993 1250 1055 καὶ
1280 989 1447 1057 ἐπαινεῖν.

309 1097 452 1180 Expulso
474 1095 535 1160 hcc
556 1095 838 1180 interpretamento
856 1095 951 1160 etiam
968 1096 1067 1161 verba
1091 1092 1232 1178 δυνάμει
1255 1092 1317 1180 γὰρ
1342 1090 1450 1182 άμφω

309 1194 415 1265 ταύτά
447 1199 558 1264 labant
590 1206 622 1265 et
650 1199 684 1263 in
717 1199 931 1283 suspicionem
965 1205 1129 1264 vocantur.
1184 1200 1269 1264 Nam
1302 1206 1451 1284 praeter-

309 1324 404 1386 quam
435 1302 521 1384 quod
549 1302 677 1367 tertium
699 1302 898 1367 enuntiatum
922 1296 1015 1388 ῆρκει
1044 1299 1106 1387 γὰρ
1130 1303 1201 1366 κτλ.
1227 1310 1377 1387 suspecta
1406 1323 1448 1368 ea

309 1405 424 1486 reddit,
447 1405 544 1469 etiam
560 1405 718 1470 sententia
731 1405 932 1485 damnantur,
952 1425 1047 1488 quam
1060 1426 1130 1470 cum
1143 1406 1319 1490 Dionysius
1331 1406 1451 1472 dixerit

310 1509 361 1586 δὶς
383 1503 404 1596 p*
426 1509 497 1594 τρὶς
524 1505 572 1571 τά
595 1502 700 1574 αὐτά
722 1509 829 1592 λέγων
856 1509 898 1593 (p.
919 1510 1040 1588 100810)
1068 1515 1101 1574 et
1123 1505 1221 1595 ἐνῆν
1246 1559 1252 1571 .
1275 1559 1309 1573 ..
1337 1506 1374 1574 ἐν
1401 1515 1451 1592 τῷ

310 1610 432 1697 πρώτῳ
455 1608 549 1694 κώλῳ
573 1617 619 1696 τῷ
645 1661 651 1674 .
673 1661 707 1675 ..
735 1607 772 1675 τὸ
800 1660 863 1675 ...
890 1631 1021 1696 prorsus
1044 1612 1185 1696 ineptam
1208 1632 1281 1678 esse
1308 1633 1371 1677 non
1398 1625 1451 1678 est

309 1714 394 1798 qued
417 1714 563 1798 pluribus
585 1733 770 1797 persequar.
818 1714 886 1778 Iam
910 1733 983 1778 cum
1005 1721 1052 1779 tot
1074 1714 1249 1780 damnandi
1272 1735 1389 1781 causae
1415 1716 1450 1779 in

309 1837 372 1882 uuo
403 1817 567 1883 enuntiato
598 1823 801 1898 concurrant,
835 1817 973 1882 hominis
1003 1817 1093 1882 scioli
1123 1817 1299 1882 doctrinam
1329 1818 1451 1884 cDio-

309 1921 393 2006 nysii
423 1920 529 1985 verbis
562 1940 727 1986 removere
759 1940 823 1984 non
853 1919 971 1985 dubito,
1019 1921 1125 1986 Unum
1155 1920 1306 1986 mendum
1334 1928 1447 1986 restat.

310 2024 416 2090 Verba
445 2020 523 2110 ἐξῆν
551 2047 586 2088 τε
616 2020 679 2109 γὰρ
713 2027 796 2106 μίαν
830 2021 865 2088 ἐκ
896 2030 961 2088 τῶν
988 2022 1082 2088 δυεῖν
1115 2031 1257 2110 ποιῆσαι
1287 2024 1450 2109 περίοδον

309 2133 439 2211 propter
471 2126 662 2210 particulam
698 2149 732 2190 τε
761 2126 870 2209 utique
904 2127 1081 2191 membrum
1114 2127 1312 2211 respondens
1341 2127 1450 2210 requi-

309 2237 393 2295 runt.
440 2228 532 2306 Quod
561 2249 632 2294 cum
658 2249 723 2294 nou
745 2229 846 2310 adsit,
879 2229 1035 2294 vocabula
1058 2253 1092 2294 τε
1115 2227 1178 2315 γάρ
1207 2237 1356 2314 corrupta
1378 2249 1449 2296 esse

310 2352 436 2412 censeo,
463 2352 533 2397 eum
557 2332 744 2415 praesertim
767 2331 816 2396 vis
840 2332 1015 2416 particulae
1038 2330 1101 2416 γάρ
1125 2333 1215 2397 nulla
1237 2332 1288 2398 sit.
1338 2332 1447 2398 Scribo

311 2433 387 2521 ἐξῆν
425 2434 469 2498 δέ
506 2457 549 2518 γε
583 2438 666 2516 μίαν
699 2432 735 2499 ἐκ
772 2441 838 2500 τῶν
876 2434 968 2500 δυεῖν
1004 2442 1146 2521 ποιῆσαι
1183 2435 1363 2520 περίοδον,
1405 2437 1443 2502 cl.

311 2560 342 2623 p.
365 2542 475 2604 101οω
503 2537 554 2620 (cs.
588 2528 663 2621 pag.
683 2540 723 2600 97
753 2537 848 2602 adh.
877 2539 912 2621 l.)
941 2536 1018 2625 ἐξῆν
1045 2538 1082 2602 δέ
1109 2561 1144 2622 γε
1176 2533 1278 2625 αὐτῆς
1309 2544 1447 2625 συστρέ-

313 2644 406 2725 paul)
428 2639 464 2706 τὸ
482 2637 623 2716 πλάτος.
670 2642 785 2706 Totum
807 2641 905 2724 igitur
925 2640 1010 2707 hunc
1029 2642 1133 2707 locum
1156 2641 1232 2707 inde
1255 2646 1446 2727 ap.10081r

309 2746 355 2811 ita
385 2746 555 2812 constituo:
595 2738 734 2820 Εὐθέως
763 2751 845 2829 γοῦν
875 2741 936 2832 τῆν
965 2743 1102 2831 πρώτην
1135 2742 1290 2810 διάνοιαν
1322 2740 1448 2831 ὀλίγοις

310 2848 415 2937 (τοῖς)
443 2842 609 2931 ὀνόμασιν
638 2846 857 2935 ἐξενεχθῆναι
886 2847 1076 2935 δυναμένην
1105 2845 1239 2933 μακράν
1267 2862 1362 2914 ποιεῖ
1391 2875 1448 2915 κυ-

310 2953 512 3038 κλογραφῶν
534 2953 591 3016 καὶ
614 2951 665 3028 δὶς
688 2946 707 3037 ἢ
729 2952 802 3037 ,τρὶς
819 2949 859 3014 τά
883 2945 969 3016 αὐτὰ
992 2952 1109 3035 λέγων,
1143 2949 1221 3038 ἐνῆν
1243 2951 1306 3033 μὲν
1330 2941 1391 3017 οὗν
1414 2951 1448 3016 ἐν

311 3063 357 3140 ιφ
385 3052 508 3141 πρώτῳ
538 3052 632 3138 κιάλφ
662 3061 707 3139 τῷ
740 3058 821 3133 ,,Τίς
852 3051 914 3138 γὰρ
946 3048 988 3119 δν
1017 3047 1165 3118 άλλοθεν
1194 3051 1379 3119 ἐπελθδιν“
1410 3051 1444 3117 τὸ

313 3159 407 3238 „Kar
440 3155 484 3244 μῆ
519 3157 837 3244 συνδιεφθαρμένος
870 3151 965 3244 ἡμῖν,
1008 3149 1082 3220 ἀλλ’
1109 3154 1272 3244 ἐξαίφνης
1306 3152 1446 3232 ἐπιστάς

311 3273 382 3337 τοῖς
412 3265 639 3346 γινομένοιςέέ,
673 3261 730 3324 καὶ
761 3259 797 3326 ἐν
827 3267 872 3344 τῷ
904 3262 968 3339 „Oi
999 3256 1275 3346 φιλοτιμούμεθα
1305 3260 1369 3341 μὲν
1391 3258 1445 3325 ἐπὶ

311 3378 382 3441 τοῖς
413 3371 479 3429 τιῖιν
508 3361 689 3449 προγόνων
717 3363 852 3450 ’έργοις“
885 3362 922 3429 τὸ
958 3413 975 3443 ‚,
986 3364 1054 3427 Καὶ
1087 3361 1147 3450 τῆν
1180 3361 1284 3429 πόλιν
1319 3362 1354 3429 ἐκ
1384 3370 1446 3426 τῶν

312 3465 388 3532 τότε
412 3472 640 3553 πραχθέντων
663 3465 883 3552 ἐγκωμιάζειν
899 3461 1090 3549 άξιοι”ιμεν“7
1116 3468 1174 3530 καί
1196 3463 1233 3531 ἐν
1248 3472 1294 3554 τῆν
1319 3461 1445 3546 „odera

311 3571 347 3635 δὲ
371 3578 436 3635 τῶν
459 3565 569 3636 αὐτῶν
592 3570 732 3646 ἐκείνοις
755 3568 950 3655 πράττομεν
960 3578 975 3607 “
1002 3568 1038 3634 τδ
1065 3565 1190 3648 ,Ἀλλὰ
1212 3575 1284 3633 πᾶν
1306 3563 1444 3635 τούναν-

311 3678 422 3738 τίον“.
450 3669 541 3759 ῆρκει
563 3671 626 3760 γάρ
651 3669 760 3739 αὐτῶν
782 3673 942 3758 εἰρῆσθαι
957 3671 1120 3757 θάτερον·
1148 3671 1225 3758 ἐξῆν
1247 3671 1285 3736 δέ
1307 3695 1344 3756 γε
1367 3676 1443 3754 μίαν

312 3776 347 3843 ἐκ
370 3783 435 3841 τιῖιν
458 3776 550 3842 δυεῖν
571 3783 713 3862 ποιῆσαι
736 3775 898 3860 περίοδον
926 3777 984 3840 καὶ
1014 3779 1273 3861 συντομωτέραν
1300 3777 1357 3840 καὶ
1385 3799 1443 3856 χα-

312 3884 501 3966 ριεστέραν·
536 3883 618 3956 ,,Τίς
643 3929 649 3942 .
673 3929 707 3943 ..
734 3875 965 3963 πράττομεν“;

398 4005 431 4067 p.
454 3986 578 4046 1009rrs
608 3979 738 4066 Μακρά
765 3982 828 4064 μέν
858 3970 918 4048 οὖν
942 3975 958 4068 ῆ
983 3982 1071 4060 λέξις
1102 3976 1208 4058 οὕτως
1238 3980 1330 4046 ἐστὶν
1357 3975 1442 4062 αὐτῷ

320 4109 368 4152 ac.
399 4091 522 4150 12-15
546 4085 608 4150 litt.
635 4097 707 4149 τεῐα
731 4085 766 4150 δέ
793 4087 851 4150 καὶ
879 4080 1126 4172 άσυγκρότῆτος
1157 4092 1229 4161 πῶς
1251 4086 1294 4150 Μ.
1342 4086 1441 4150 Laeu-

382 4312 397 4374 1)
421 4309 576 4380 συστρέψαι
595 4308 689 4378 syla:
711 4305 879 4380 ἐπιστρέψαι
897 4308 965 4362 MR.
