<?xml version="1.0" encoding="UTF-8"?>
<!DOCTYPE html PUBLIC "-//W3C//DTD XHTML 1.0 Transitional//EN"
    "http://www.w3.org/TR/xhtml1/DTD/xhtml1-transitional.dtd">
<html xmlns="http://www.w3.org/1999/xhtml" xml:lang="en" lang="en">
 <head>
  <title>
</title>
<meta http-equiv="Content-Type" content="text/html;charset=utf-8" />
  <meta name='ocr-system' content='tesseract 3.04.00' />
  <meta name='ocr-capabilities' content='ocr_page ocr_carea ocr_par ocr_line ocrx_word'/>
</head>
<body>
  <div class='ocr_page' id='page_1' title='image "./dedionysiihalic00sadgoog_0090.png"; bbox 0 0 3224 5140; ppageno 0'>
   <div class='ocr_carea' id='block_1_1' title="bbox 583 367 1281 457">
    <p class='ocr_par' dir='ltr' id='par_1_1' title="bbox 583 367 1281 457">
     <span class='ocr_line' id='line_1_1' title="bbox 583 367 1281 457; baseline 0.001 -29"><span class='ocrx_word' id='word_1_1' title='bbox 583 402 628 410; x_wconf 87' lang='lat'>-</span> <span class='ocrx_word' id='word_1_2' title='bbox 672 367 756 448; x_wconf 74' lang='grc' dir='ltr'><strong><em>μου]</em></strong></span> <span class='ocrx_word' id='word_1_3' title='bbox 803 403 846 457; x_wconf 77' lang='lat'><strong><em>·-.</em></strong></span> <span class='ocrx_word' id='word_1_4' title='bbox 1240 367 1281 430; x_wconf 82' lang='lat'><strong><em>85</em></strong></span> 
     </span>
    </p>
   </div>
   <div class='ocr_carea' id='block_1_2' title="bbox 141 552 1280 748">
    <p class='ocr_par' dir='ltr' id='par_1_2' title="bbox 141 552 1280 748">
     <span class='ocr_line' id='line_1_2' title="bbox 229 552 1280 640; baseline -0.024 -1"><span class='ocrx_word' id='word_1_5' title='bbox 229 575 263 638; x_wconf 78' lang='lat' dir='ltr'><strong><em>P·</em></strong></span> <span class='ocrx_word' id='word_1_6' title='bbox 288 557 365 618; x_wconf 80' lang='grc'><strong>4571</strong></span> <span class='ocrx_word' id='word_1_7' title='bbox 394 557 699 640; x_wconf 68' lang='grc' dir='ltr'><strong><em>μεταφοραῑςῙ)</em></strong></span> <span class='ocrx_word' id='word_1_8' title='bbox 740 554 961 638; x_wconf 75' lang='grc' dir='ltr'><strong><em>[μεταβολαῖς</em></strong></span> <span class='ocrx_word' id='word_1_9' title='bbox 990 555 1035 636; x_wconf 79' lang='lat' dir='ltr'><strong><em>R]</em></strong></span> <span class='ocrx_word' id='word_1_10' title='bbox 1071 575 1105 618; x_wconf 84' lang='grc' dir='ltr'><strong><em>τε</em></strong></span> <span class='ocrx_word' id='word_1_11' title='bbox 1137 552 1280 628; x_wconf 82' lang='grc' dir='ltr'><strong><em>πολλοῖς</em></strong></span> 
     </span>
     <span class='ocr_line' id='line_1_3' title="bbox 141 649 630 748; baseline -0.016 -25"><span class='ocrx_word' id='word_1_12' title='bbox 141 653 311 748; x_wconf 80' lang='grc' dir='ltr'><strong><em>χρώμενοι</em></strong></span> <span class='ocrx_word' id='word_1_13' title='bbox 333 655 390 720; x_wconf 86' lang='grc' dir='ltr'><strong><em>καὶ</em></strong></span> <span class='ocrx_word' id='word_1_14' title='bbox 411 649 630 740; x_wconf 69' lang='grc' dir='ltr'><strong><em>ὑπερβολαῖς.</em></strong></span> 
     </span>
    </p>
   </div>
   <div class='ocr_carea' id='block_1_3' title="bbox 140 769 1336 4168">
    <p class='ocr_par' dir='ltr' id='par_1_3' title="bbox 141 769 1281 1067">
     <span class='ocr_line' id='line_1_4' title="bbox 230 769 1281 863; baseline -0.002 -23"><span class='ocrx_word' id='word_1_15' title='bbox 230 798 263 861; x_wconf 91' lang='lat' dir='ltr'><strong>p.</strong></span> <span class='ocrx_word' id='word_1_16' title='bbox 284 779 376 842; x_wconf 82' lang='grc'><strong>45855</strong></span> <span class='ocrx_word' id='word_1_17' title='bbox 399 769 545 862; x_wconf 55' lang='grc' dir='ltr'><strong><em>ήνίκἺ)</em></strong></span> <span class='ocrx_word' id='word_1_18' title='bbox 576 769 684 862; x_wconf 74' lang='grc' dir='ltr'><strong><em>[ἡνίκα</em></strong></span> <span class='ocrx_word' id='word_1_19' title='bbox 700 777 737 858; x_wconf 69' lang='lat' dir='ltr'><strong><em>R]</em></strong></span> <span class='ocrx_word' id='word_1_20' title='bbox 764 773 932 863; x_wconf 69' lang='grc' dir='ltr'><strong><em>Ἀθήναζε</em></strong></span> <span class='ocrx_word' id='word_1_21' title='bbox 962 773 1161 860; x_wconf 72' lang='grc' dir='ltr'><em>πρεσβεύων</em></span> <span class='ocrx_word' id='word_1_22' title='bbox 1184 797 1281 840; x_wconf 80' lang='grc' dir='ltr'><strong><em>κατι-</em></strong></span> 
     </span>
     <span class='ocr_line' id='line_1_5' title="bbox 141 873 1277 968; baseline -0.003 -24"><span class='ocrx_word' id='word_1_23' title='bbox 141 878 296 968; x_wconf 78' lang='grc' dir='ltr'><strong><em>πλήξατο</em></strong></span> <span class='ocrx_word' id='word_1_24' title='bbox 324 877 402 955; x_wconf 80' lang='grc' dir='ltr'><strong><em>τοὺς</em></strong></span> <span class='ocrx_word' id='word_1_25' title='bbox 426 873 612 956; x_wconf 80' lang='grc' dir='ltr'><strong><em>ἀκούοντας</em></strong></span> <span class='ocrx_word' id='word_1_26' title='bbox 639 877 687 962; x_wconf 75' lang='grc' dir='ltr'><strong><em>[ἐν</em></strong></span> <span class='ocrx_word' id='word_1_27' title='bbox 707 879 783 944; x_wconf 84' lang='lat' dir='ltr'><strong>add.</strong></span> <span class='ocrx_word' id='word_1_28' title='bbox 807 879 897 961; x_wconf 71' lang='lat' dir='ltr'><strong><em>Boo</em></strong></span> <span class='ocrx_word' id='word_1_29' title='bbox 925 885 963 963; x_wconf 79' lang='grc' dir='ltr'><strong><em>τῇ</em></strong></span> <span class='ocrx_word' id='word_1_30' title='bbox 986 878 1184 965; x_wconf 78' lang='grc' dir='ltr'><strong><em>δημηγορίᾳ.</em></strong></span> <span class='ocrx_word' id='word_1_31' title='bbox 1228 878 1277 943; x_wconf 84' lang='lat' dir='ltr'><strong><em>of.</em></strong></span> 
     </span>
     <span class='ocr_line' id='line_1_6' title="bbox 142 985 293 1067; baseline -0.02 -19"><span class='ocrx_word' id='word_1_32' title='bbox 142 1003 217 1067; x_wconf 77' lang='lat' dir='ltr'><strong>pag.</strong></span> <span class='ocrx_word' id='word_1_33' title='bbox 241 985 293 1047; x_wconf 84' lang='lat'><strong>38.</strong></span> 
     </span>
    </p>

    <p class='ocr_par' dir='ltr' id='par_1_4' title="bbox 140 1083 1282 1582">
     <span class='ocr_line' id='line_1_7' title="bbox 229 1083 1281 1170; baseline -0.004 -20"><span class='ocrx_word' id='word_1_34' title='bbox 229 1107 263 1170; x_wconf 94' lang='lat' dir='ltr'><strong>p.</strong></span> <span class='ocrx_word' id='word_1_35' title='bbox 283 1088 374 1153; x_wconf 86' lang='grc'><strong>45915</strong></span> <span class='ocrx_word' id='word_1_36' title='bbox 398 1083 435 1150; x_wconf 89' lang='grc' dir='ltr'><strong><em>έν</em></strong></span> <span class='ocrx_word' id='word_1_37' title='bbox 450 1091 532 1168; x_wconf 84' lang='grc' dir='ltr'><strong><em>γοῦν</em></strong></span> <span class='ocrx_word' id='word_1_38' title='bbox 549 1095 620 1160; x_wconf 86' lang='grc' dir='ltr'><strong><em>τοῖς</em></strong></span> <span class='ocrx_word' id='word_1_39' title='bbox 636 1083 767 1168; x_wconf 75' lang='grc' dir='ltr'><strong><em>σπουδῇ</em></strong></span> <span class='ocrx_word' id='word_1_40' title='bbox 784 1089 1013 1170; x_wconf 84' lang='grc' dir='ltr'><strong><em>γραφομένοις</em></strong></span> <span class='ocrx_word' id='word_1_41' title='bbox 1035 1083 1281 1158; x_wconf 72' lang='grc' dir='ltr'><strong><em>δικανικοῖς</em></strong></span> 
     </span>
     <span class='ocr_line' id='line_1_8' title="bbox 141 1183 1282 1273; baseline -0.004 -20"><span class='ocrx_word' id='word_1_42' title='bbox 141 1186 294 1273; x_wconf 79' lang='grc' dir='ltr'><em>λόγοις</em></span> <span class='ocrx_word' id='word_1_43' title='bbox 317 1188 386 1252; x_wconf 82' lang='grc' dir='ltr'><strong><em>καὶ</em></strong></span> <span class='ocrx_word' id='word_1_44' title='bbox 410 1183 804 1269; x_wconf 59' lang='grc' dir='ltr'><strong><em>συμβουλευτικοῖς</em></strong></span> <span class='ocrx_word' id='word_1_45' title='bbox 831 1186 1025 1269; x_wconf 73' lang='grc' dir='ltr'><strong><em>[δικανικοῖς</em></strong></span> <span class='ocrx_word' id='word_1_46' title='bbox 1053 1187 1110 1250; x_wconf 84' lang='grc' dir='ltr'><strong><em>καὶ</em></strong></span> <span class='ocrx_word' id='word_1_47' title='bbox 1133 1189 1282 1268; x_wconf 69' lang='grc' dir='ltr'><strong><em>συμβου-</em></strong></span> 
     </span>
     <span class='ocr_line' id='line_1_9' title="bbox 140 1287 1281 1374; baseline -0.007 -14"><span class='ocrx_word' id='word_1_48' title='bbox 140 1293 309 1368; x_wconf 82' lang='grc' dir='ltr'><strong><em>λευτικοῖς</em></strong></span> <span class='ocrx_word' id='word_1_49' title='bbox 331 1287 445 1374; x_wconf 81' lang='grc' dir='ltr'><em>λόγοις</em></span> <span class='ocrx_word' id='word_1_50' title='bbox 467 1291 520 1372; x_wconf 74' lang='grc'><strong>44].</strong></span> <span class='ocrx_word' id='word_1_51' title='bbox 568 1290 619 1354; x_wconf 86' lang='lat' dir='ltr'><strong><em>Ad</em></strong></span> <span class='ocrx_word' id='word_1_52' title='bbox 648 1289 842 1359; x_wconf 82' lang='lat' dir='ltr'><strong>substantivi</strong></span> <span class='ocrx_word' id='word_1_53' title='bbox 865 1289 1106 1356; x_wconf 80' lang='lat' dir='ltr'><strong>collocationem</strong></span> <span class='ocrx_word' id='word_1_54' title='bbox 1134 1289 1281 1356; x_wconf 81' lang='lat' dir='ltr'><strong>conseras</strong></span> 
     </span>
     <span class='ocr_line' id='line_1_10' title="bbox 143 1388 1282 1480; baseline -0.004 -20"><span class='ocrx_word' id='word_1_55' title='bbox 143 1417 175 1479; x_wconf 88' lang='lat' dir='ltr'><strong><em>p.</em></strong></span> <span class='ocrx_word' id='word_1_56' title='bbox 196 1399 275 1460; x_wconf 82' lang='grc'><strong>8361</strong></span> <span class='ocrx_word' id='word_1_57' title='bbox 300 1389 409 1470; x_wconf 77' lang='grc' dir='ltr'><strong><em>ἄλλως</em></strong></span> <span class='ocrx_word' id='word_1_58' title='bbox 432 1417 466 1457; x_wconf 85' lang='grc' dir='ltr'><strong><em>τε</em></strong></span> <span class='ocrx_word' id='word_1_59' title='bbox 480 1390 631 1458; x_wconf 76' lang='grc' dir='ltr'><strong><em>έιτειδὰν</em></strong></span> <span class='ocrx_word' id='word_1_60' title='bbox 654 1393 734 1477; x_wconf 81' lang='grc' dir='ltr'><strong><em>περὶ</em></strong></span> <span class='ocrx_word' id='word_1_61' title='bbox 760 1393 896 1458; x_wconf 78' lang='grc' dir='ltr'><strong><em>πολλῶν</em></strong></span> <span class='ocrx_word' id='word_1_62' title='bbox 918 1397 1051 1480; x_wconf 72' lang='grc' dir='ltr'><strong><em>γένηται</em></strong></span> <span class='ocrx_word' id='word_1_63' title='bbox 1072 1388 1282 1477; x_wconf 76' lang='grc' dir='ltr'><strong><em>πραγμάτων</em></strong></span> 
     </span>
     <span class='ocr_line' id='line_1_11' title="bbox 144 1494 552 1582; baseline -0.005 -20"><span class='ocrx_word' id='word_1_64' title='bbox 144 1499 199 1562; x_wconf 85' lang='grc' dir='ltr'><strong><em>καὶ</em></strong></span> <span class='ocrx_word' id='word_1_65' title='bbox 223 1494 552 1582; x_wconf 72' lang='grc' dir='ltr'><strong><em>δυσκαταμαθήτων.</em></strong></span> 
     </span>
    </p>

    <p class='ocr_par' dir='ltr' id='par_1_5' title="bbox 142 1596 1283 1785">
     <span class='ocr_line' id='line_1_12' title="bbox 230 1596 1283 1685; baseline -0.005 -20"><span class='ocrx_word' id='word_1_66' title='bbox 230 1622 263 1685; x_wconf 86' lang='lat' dir='ltr'><strong>p.</strong></span> <span class='ocrx_word' id='word_1_67' title='bbox 283 1603 390 1665; x_wconf 84' lang='grc'><strong>459555</strong></span> <span class='ocrx_word' id='word_1_68' title='bbox 413 1600 493 1682; x_wconf 80' lang='grc' dir='ltr'><strong><em>περὶ</em></strong></span> <span class='ocrx_word' id='word_1_69' title='bbox 516 1597 580 1684; x_wconf 87' lang='grc' dir='ltr'><strong><em>γὰρ</em></strong></span> <span class='ocrx_word' id='word_1_70' title='bbox 607 1598 626 1663; x_wconf 82' lang='grc'><strong>6</strong></span> <span class='ocrx_word' id='word_1_71' title='bbox 634 1623 653 1684; x_wconf 99' lang='grc' dir='ltr'><strong><em>η</em></strong></span> <span class='ocrx_word' id='word_1_72' title='bbox 674 1597 721 1680; x_wconf 72' lang='grc' dir='ltr'><strong><em>[δὲ</em></strong></span> <span class='ocrx_word' id='word_1_73' title='bbox 743 1599 838 1682; x_wconf 78' lang='lat' dir='ltr'><strong>volgo</strong></span> <span class='ocrx_word' id='word_1_74' title='bbox 861 1605 936 1664; x_wconf 82' lang='lat' dir='ltr'><strong>anto</strong></span> <span class='ocrx_word' id='word_1_75' title='bbox 959 1599 1029 1682; x_wconf 51' lang='lat' dir='ltr'><strong><em>Rp}</em></strong></span> <span class='ocrx_word' id='word_1_76' title='bbox 1057 1604 1123 1664; x_wconf 82' lang='grc' dir='ltr'><strong><em>τιῖιν</em></strong></span> <span class='ocrx_word' id='word_1_77' title='bbox 1146 1596 1283 1664; x_wconf 76' lang='grc' dir='ltr'><strong><em>ἐπιστο-</em></strong></span> 
     </span>
     <span class='ocr_line' id='line_1_13' title="bbox 142 1695 867 1785; baseline -0.004 -17"><span class='ocrx_word' id='word_1_78' title='bbox 142 1705 245 1769; x_wconf 83' lang='grc' dir='ltr'><strong><em>λικῶν</em></strong></span> <span class='ocrx_word' id='word_1_79' title='bbox 262 1697 366 1768; x_wconf 77' lang='grc' dir='ltr'><strong><em>αὐτοῦ</em></strong></span> <span class='ocrx_word' id='word_1_80' title='bbox 392 1751 398 1764; x_wconf 94' lang='grc'><strong>.</strong></span> <span class='ocrx_word' id='word_1_81' title='bbox 421 1749 427 1764; x_wconf 91' lang='grc'><strong>.</strong></span> <span class='ocrx_word' id='word_1_82' title='bbox 450 1752 456 1766; x_wconf 92' lang='grc'><strong>.</strong></span> <span class='ocrx_word' id='word_1_83' title='bbox 483 1695 583 1768; x_wconf 75' lang='grc' dir='ltr'><strong><em>οὐδέν</em></strong></span> <span class='ocrx_word' id='word_1_84' title='bbox 605 1700 725 1783; x_wconf 80' lang='grc' dir='ltr'><strong><em>δέομαι</em></strong></span> <span class='ocrx_word' id='word_1_85' title='bbox 747 1701 867 1785; x_wconf 87' lang='grc' dir='ltr'><strong><em>λέγειν.</em></strong></span> 
     </span>
    </p>

    <p class='ocr_par' dir='ltr' id='par_1_6' title="bbox 230 1801 1152 1891">
     <span class='ocr_line' id='line_1_14' title="bbox 230 1801 1152 1891; baseline -0.005 -23"><span class='ocrx_word' id='word_1_86' title='bbox 230 1827 264 1890; x_wconf 94' lang='lat' dir='ltr'><strong><em>p.</em></strong></span> <span class='ocrx_word' id='word_1_87' title='bbox 284 1809 391 1871; x_wconf 78' lang='grc'><strong>459135</strong></span> <span class='ocrx_word' id='word_1_88' title='bbox 414 1805 595 1891; x_wconf 82' lang='grc' dir='ltr'><strong><em>λελυμένης</em></strong></span> <span class='ocrx_word' id='word_1_89' title='bbox 619 1801 653 1868; x_wconf 80' lang='grc' dir='ltr'><strong><em>ἐκ</em></strong></span> <span class='ocrx_word' id='word_1_90' title='bbox 677 1811 751 1869; x_wconf 81' lang='grc' dir='ltr'><strong><em>τοῦ</em></strong></span> <span class='ocrx_word' id='word_1_91' title='bbox 778 1807 849 1886; x_wconf 73' lang='lat' dir='ltr'><strong>[om.</strong></span> <span class='ocrx_word' id='word_1_92' title='bbox 875 1805 911 1886; x_wconf 73' lang='lat' dir='ltr'><strong><em>R]</em></strong></span> <span class='ocrx_word' id='word_1_93' title='bbox 938 1807 1072 1889; x_wconf 90' lang='grc' dir='ltr'><strong><em>μέτρου.</em></strong></span> <span class='ocrx_word' id='word_1_94' title='bbox 1148 1855 1152 1863; x_wconf 90' lang='grc'><strong>.</strong></span> 
     </span>
    </p>

    <p class='ocr_par' dir='ltr' id='par_1_7' title="bbox 144 1899 1283 2097">
     <span class='ocr_line' id='line_1_15' title="bbox 229 1899 1283 1993; baseline -0.002 -23"><span class='ocrx_word' id='word_1_95' title='bbox 229 1929 263 1993; x_wconf 92' lang='lat' dir='ltr'><strong><em>p.</em></strong></span> <span class='ocrx_word' id='word_1_96' title='bbox 283 1913 374 1972; x_wconf 78' lang='grc'><strong>46155</strong></span> <span class='ocrx_word' id='word_1_97' title='bbox 398 1905 511 1974; x_wconf 81' lang='grc' dir='ltr'><strong><em>πολλὰ</em></strong></span> <span class='ocrx_word' id='word_1_98' title='bbox 533 1903 736 1972; x_wconf 82' lang='grc' dir='ltr'><strong><em>δυσείκαστά</em></strong></span> <span class='ocrx_word' id='word_1_99' title='bbox 767 1904 858 1971; x_wconf 80' lang='grc' dir='ltr'><strong><em>ἐστιν</em></strong></span> <span class='ocrx_word' id='word_1_100' title='bbox 886 1899 966 1992; x_wconf 81' lang='grc' dir='ltr'><strong><em>ἡμῖν</em></strong></span> <span class='ocrx_word' id='word_1_101' title='bbox 995 1906 1052 1970; x_wconf 86' lang='grc' dir='ltr'><strong><em>καὶ</em></strong></span> <span class='ocrx_word' id='word_1_102' title='bbox 1082 1900 1197 1992; x_wconf 79' lang='grc' dir='ltr'><strong><em>ἀσαφή</em></strong></span> <span class='ocrx_word' id='word_1_103' title='bbox 1227 1907 1283 1970; x_wconf 75' lang='grc' dir='ltr'><strong><em>καὶ</em></strong></span> 
     </span>
     <span class='ocr_line' id='line_1_16' title="bbox 144 2005 801 2097; baseline -0.009 -19"><span class='ocrx_word' id='word_1_104' title='bbox 144 2010 290 2095; x_wconf 81' lang='grc' dir='ltr'><strong><em>δεόμενα</em></strong></span> <span class='ocrx_word' id='word_1_105' title='bbox 314 2009 529 2097; x_wconf 77' lang='grc' dir='ltr'><strong><em>ἐξηγητῶν</em></strong></span> <span class='ocrx_word' id='word_1_106' title='bbox 556 2005 727 2096; x_wconf 74' lang='grc' dir='ltr'><strong><em>[ἐξηγητοῦ</em></strong></span> <span class='ocrx_word' id='word_1_107' title='bbox 749 2011 801 2087; x_wconf 71' lang='lat' dir='ltr'><strong><em>lo.</em></strong></span> 
     </span>
    </p>

    <p class='ocr_par' dir='ltr' id='par_1_8' title="bbox 144 2108 1283 2296">
     <span class='ocr_line' id='line_1_17' title="bbox 230 2108 1283 2200; baseline 0 -22"><span class='ocrx_word' id='word_1_108' title='bbox 230 2137 265 2200; x_wconf 94' lang='lat' dir='ltr'><strong><em>p.</em></strong></span> <span class='ocrx_word' id='word_1_109' title='bbox 285 2119 391 2178; x_wconf 86' lang='grc'><strong>461115</strong></span> <span class='ocrx_word' id='word_1_110' title='bbox 418 2109 502 2178; x_wconf 80' lang='grc' dir='ltr'><strong><em>ὥστε</em></strong></span> <span class='ocrx_word' id='word_1_111' title='bbox 531 2114 600 2178; x_wconf 83' lang='grc' dir='ltr'><strong><em>καὶ</em></strong></span> <span class='ocrx_word' id='word_1_112' title='bbox 629 2115 699 2196; x_wconf 82' lang='lat' dir='ltr'><strong>[om.</strong></span> <span class='ocrx_word' id='word_1_113' title='bbox 726 2114 762 2195; x_wconf 73' lang='lat' dir='ltr'><strong><em>R]</em></strong></span> <span class='ocrx_word' id='word_1_114' title='bbox 790 2109 850 2199; x_wconf 84' lang='grc' dir='ltr'><strong><em>τήν</em></strong></span> <span class='ocrx_word' id='word_1_115' title='bbox 873 2111 1064 2199; x_wconf 76' lang='grc' dir='ltr'><strong><em>σαφήνειαν</em></strong></span> <span class='ocrx_word' id='word_1_116' title='bbox 1093 2108 1198 2179; x_wconf 79' lang='grc' dir='ltr'><strong><em>αὐτοῦ</em></strong></span> <span class='ocrx_word' id='word_1_117' title='bbox 1226 2112 1283 2200; x_wconf 81' lang='grc' dir='ltr'><strong><em>ζη-</em></strong></span> 
     </span>
     <span class='ocr_line' id='line_1_18' title="bbox 144 2214 357 2296; baseline -0.009 -14"><span class='ocrx_word' id='word_1_118' title='bbox 144 2220 226 2286; x_wconf 75' lang='grc' dir='ltr'><strong><em>λοῦν</em></strong></span> <span class='ocrx_word' id='word_1_119' title='bbox 250 2214 357 2296; x_wconf 79' lang='grc' dir='ltr'><strong><em>ἄξιον.</em></strong></span> 
     </span>
    </p>

    <p class='ocr_par' dir='ltr' id='par_1_9' title="bbox 142 2316 1284 2815">
     <span class='ocr_line' id='line_1_19' title="bbox 231 2316 1283 2406; baseline -0.002 -22"><span class='ocrx_word' id='word_1_120' title='bbox 231 2324 392 2406; x_wconf 79' lang='grc' dir='ltr'><strong>μ.462155</strong></span> <span class='ocrx_word' id='word_1_121' title='bbox 416 2316 561 2404; x_wconf 80' lang='grc' dir='ltr'><strong><em>καὶμὴν</em></strong></span> <span class='ocrx_word' id='word_1_122' title='bbox 589 2316 627 2382; x_wconf 87' lang='grc' dir='ltr'><strong><em>τό</em></strong></span> <span class='ocrx_word' id='word_1_123' title='bbox 657 2341 692 2403; x_wconf 87' lang='grc' dir='ltr'><strong><em>γε</em></strong></span> <span class='ocrx_word' id='word_1_124' title='bbox 712 2322 866 2404; x_wconf 67' lang='grc' dir='ltr'><strong><em>βραχέως</em></strong></span> <span class='ocrx_word' id='word_1_125' title='bbox 890 2316 1046 2404; x_wconf 79' lang='grc' dir='ltr'><strong><em>ἐκφέρειν</em></strong></span> <span class='ocrx_word' id='word_1_126' title='bbox 1068 2316 1110 2384; x_wconf 86' lang='grc' dir='ltr'><strong><em>τὰ</em></strong></span> <span class='ocrx_word' id='word_1_127' title='bbox 1131 2317 1283 2406; x_wconf 84' lang='grc' dir='ltr'><strong><em>νοήματα</em></strong></span> 
     </span>
     <span class='ocr_line' id='line_1_20' title="bbox 145 2419 1284 2508; baseline -0.005 -18"><span class='ocrx_word' id='word_1_128' title='bbox 145 2422 229 2506; x_wconf 84' lang='grc' dir='ltr'><strong><em>μετὰ</em></strong></span> <span class='ocrx_word' id='word_1_129' title='bbox 253 2431 314 2488; x_wconf 81' lang='grc' dir='ltr'><strong><em>τοῦ</em></strong></span> <span class='ocrx_word' id='word_1_130' title='bbox 337 2428 484 2508; x_wconf 84' lang='grc' dir='ltr'><strong><em>σαφῶς</em></strong></span> <span class='ocrx_word' id='word_1_131' title='bbox 511 2423 655 2508; x_wconf 75' lang='grc' dir='ltr'><strong><em>[σαφοῦς</em></strong></span> <span class='ocrx_word' id='word_1_132' title='bbox 677 2423 729 2504; x_wconf 72' lang='grc'><strong><em>14],</em></strong></span> <span class='ocrx_word' id='word_1_133' title='bbox 757 2422 910 2502; x_wconf 79' lang='grc' dir='ltr'><strong><em>χαλεποῦ</em></strong></span> <span class='ocrx_word' id='word_1_134' title='bbox 929 2423 1000 2503; x_wconf 63' lang='grc' dir='ltr'><strong><em>[τοῦ</em></strong></span> <span class='ocrx_word' id='word_1_135' title='bbox 1014 2420 1089 2486; x_wconf 86' lang='lat' dir='ltr'><strong>add.</strong></span> <span class='ocrx_word' id='word_1_136' title='bbox 1109 2423 1145 2503; x_wconf 78' lang='lat' dir='ltr'><strong><em>R]</em></strong></span> <span class='ocrx_word' id='word_1_137' title='bbox 1173 2419 1284 2507; x_wconf 78' lang='grc' dir='ltr'><em>πράγ-</em></span> 
     </span>
     <span class='ocr_line' id='line_1_21' title="bbox 142 2518 1284 2610; baseline -0.003 -19"><span class='ocrx_word' id='word_1_138' title='bbox 142 2550 251 2608; x_wconf 88' lang='grc' dir='ltr'><strong><em>ματος</em></strong></span> <span class='ocrx_word' id='word_1_139' title='bbox 284 2521 381 2601; x_wconf 77' lang='grc' dir='ltr'><strong><em>ὄντος</em></strong></span> <span class='ocrx_word' id='word_1_140' title='bbox 405 2522 507 2610; x_wconf 79' lang='grc' dir='ltr'><strong><em>φύσει</em></strong></span> <span class='ocrx_word' id='word_1_141' title='bbox 530 2528 596 2588; x_wconf 79' lang='grc' dir='ltr'><strong><em>’τοῦ</em></strong></span> <span class='ocrx_word' id='word_1_142' title='bbox 619 2534 821 2608; x_wconf 85' lang='grc' dir='ltr'><strong><em>συναγαγεῖν</em></strong></span> <span class='ocrx_word' id='word_1_143' title='bbox 844 2518 946 2608; x_wconf 73' lang='grc' dir='ltr'><strong><em>ἄμφω</em></strong></span> <span class='ocrx_word' id='word_1_144' title='bbox 978 2529 1083 2589; x_wconf 80' lang='grc' dir='ltr'><strong><em>ταῦτα</em></strong></span> <span class='ocrx_word' id='word_1_145' title='bbox 1106 2525 1163 2588; x_wconf 80' lang='grc' dir='ltr'><strong><em>καὶ</em></strong></span> <span class='ocrx_word' id='word_1_146' title='bbox 1185 2522 1284 2608; x_wconf 82' lang='grc' dir='ltr'><strong><em>κερά-</em></strong></span> 
     </span>
     <span class='ocr_line' id='line_1_22' title="bbox 147 2617 1284 2714; baseline -0.004 -20"><span class='ocrx_word' id='word_1_147' title='bbox 147 2651 205 2694; x_wconf 90' lang='grc' dir='ltr'><strong><em>σαι</em></strong></span> <span class='ocrx_word' id='word_1_148' title='bbox 225 2633 382 2714; x_wconf 83' lang='grc' dir='ltr'><strong><em>μετρίιιις,</em></strong></span> <span class='ocrx_word' id='word_1_149' title='bbox 409 2621 429 2714; x_wconf 79' lang='grc' dir='ltr'>ἢ</span> <span class='ocrx_word' id='word_1_150' title='bbox 449 2624 598 2709; x_wconf 85' lang='grc' dir='ltr'><strong><em>μάλιστα</em></strong></span> <span class='ocrx_word' id='word_1_151' title='bbox 621 2622 673 2713; x_wconf 54' lang='grc' dir='ltr'><strong><em>ήλ)</em></strong></span> <span class='ocrx_word' id='word_1_152' title='bbox 702 2621 839 2703; x_wconf 76' lang='grc' dir='ltr'><strong><em>οὐδενὸς</em></strong></span> <span class='ocrx_word' id='word_1_153' title='bbox 858 2617 959 2712; x_wconf 84' lang='grc' dir='ltr'><strong><em>ήττον</em></strong></span> <span class='ocrx_word' id='word_1_154' title='bbox 980 2633 1047 2694; x_wconf 81' lang='grc' dir='ltr'><strong><em>τῶν</em></strong></span> <span class='ocrx_word' id='word_1_155' title='bbox 1061 2621 1173 2693; x_wconf 76' lang='grc' dir='ltr'><strong><em>ἄλλων</em></strong></span> <span class='ocrx_word' id='word_1_156' title='bbox 1196 2622 1284 2691; x_wconf 80' lang='grc' dir='ltr'><strong><em>ἀασ-</em></strong></span> 
     </span>
     <span class='ocr_line' id='line_1_23' title="bbox 148 2726 860 2815; baseline -0.008 -17"><span class='ocrx_word' id='word_1_157' title='bbox 148 2733 318 2799; x_wconf 82' lang='grc' dir='ltr'><strong><em>δείκνυται</em></strong></span> <span class='ocrx_word' id='word_1_158' title='bbox 340 2734 477 2806; x_wconf 83' lang='grc' dir='ltr'><strong><em>Λυσίας</em></strong></span> <span class='ocrx_word' id='word_1_159' title='bbox 502 2726 683 2815; x_wconf 78' lang='grc' dir='ltr'><strong><em>[χρώμενος</em></strong></span> <span class='ocrx_word' id='word_1_160' title='bbox 705 2729 782 2796; x_wconf 86' lang='lat' dir='ltr'><strong>add.</strong></span> <span class='ocrx_word' id='word_1_161' title='bbox 807 2731 860 2812; x_wconf 59' lang='lat' dir='ltr'><strong>Rp.</strong></span> 
     </span>
    </p>

    <p class='ocr_par' dir='ltr' id='par_1_10' title="bbox 149 2845 1285 3042">
     <span class='ocr_line' id='line_1_24' title="bbox 233 2845 1285 2938; baseline -0.001 -22"><span class='ocrx_word' id='word_1_162' title='bbox 233 2875 266 2938; x_wconf 95' lang='lat' dir='ltr'><strong><em>p.</em></strong></span> <span class='ocrx_word' id='word_1_163' title='bbox 286 2855 396 2918; x_wconf 79' lang='grc'><strong>463355</strong></span> <span class='ocrx_word' id='word_1_164' title='bbox 421 2849 482 2916; x_wconf 83' lang='grc' dir='ltr'><strong><em>τὸν</em></strong></span> <span class='ocrx_word' id='word_1_165' title='bbox 511 2850 548 2915; x_wconf 77' lang='grc' dir='ltr'><strong><em>δέ</em></strong></span> <span class='ocrx_word' id='word_1_166' title='bbox 571 2847 700 2932; x_wconf 88' lang='grc' dir='ltr'><strong><em>κόσμον</em></strong></span> <span class='ocrx_word' id='word_1_167' title='bbox 729 2845 789 2916; x_wconf 81' lang='grc' dir='ltr'><strong><em>οὐκ</em></strong></span> <span class='ocrx_word' id='word_1_168' title='bbox 813 2847 850 2914; x_wconf 81' lang='grc' dir='ltr'><strong><em>έν</em></strong></span> <span class='ocrx_word' id='word_1_169' title='bbox 879 2855 925 2934; x_wconf 80' lang='grc' dir='ltr'><strong><em>τῷ</em></strong></span> <span class='ocrx_word' id='word_1_170' title='bbox 955 2847 1197 2934; x_wconf 66' lang='grc' dir='ltr'><strong><em>έξαλλάττεινῧ)</em></strong></span> <span class='ocrx_word' id='word_1_171' title='bbox 1226 2849 1285 2915; x_wconf 78' lang='grc' dir='ltr'><strong><em>τὸν</em></strong></span> 
     </span>
     <span class='ocr_line' id='line_1_25' title="bbox 149 2949 1280 3042; baseline -0.005 -21"><span class='ocrx_word' id='word_1_172' title='bbox 149 2953 293 3042; x_wconf 78' lang='grc' dir='ltr'><strong><em>ἰδιώτην,</em></strong></span> <span class='ocrx_word' id='word_1_173' title='bbox 323 2949 398 3018; x_wconf 77' lang='grc' dir='ltr'><strong><em>ἀλλ’</em></strong></span> <span class='ocrx_word' id='word_1_174' title='bbox 418 2953 454 3019; x_wconf 85' lang='grc' dir='ltr'><strong><em>έν</em></strong></span> <span class='ocrx_word' id='word_1_175' title='bbox 471 2959 517 3038; x_wconf 76' lang='grc' dir='ltr'><strong><em>τῷ</em></strong></span> <span class='ocrx_word' id='word_1_176' title='bbox 539 2951 820 3040; x_wconf 67' lang='grc' dir='ltr'><strong><em>μιμήσασθαι</em></strong></span> <span class='ocrx_word' id='word_1_177' title='bbox 839 2954 1032 3034; x_wconf 69' lang='grc' dir='ltr'><strong><em>[μιμεῖσθαι</em></strong></span> <span class='ocrx_word' id='word_1_178' title='bbox 1047 2953 1084 3036; x_wconf 84' lang='lat' dir='ltr'><strong><em>R]</em></strong></span> <span class='ocrx_word' id='word_1_179' title='bbox 1104 2951 1280 3034; x_wconf 71' lang='grc' dir='ltr'><strong><em>λαμβάνει,</em></strong></span> 
     </span>
    </p>

    <p class='ocr_par' dir='ltr' id='par_1_11' title="bbox 149 3050 1285 3244">
     <span class='ocr_line' id='line_1_26' title="bbox 232 3050 1285 3144; baseline -0.002 -22"><span class='ocrx_word' id='word_1_180' title='bbox 232 3081 265 3144; x_wconf 90' lang='lat' dir='ltr'><strong><em>p.</em></strong></span> <span class='ocrx_word' id='word_1_181' title='bbox 285 3060 378 3122; x_wconf 82' lang='grc'><strong>46355</strong></span> <span class='ocrx_word' id='word_1_182' title='bbox 408 3050 491 3120; x_wconf 76' lang='grc' dir='ltr'><strong><em>ὥστε</em></strong></span> <span class='ocrx_word' id='word_1_183' title='bbox 521 3056 578 3120; x_wconf 87' lang='grc' dir='ltr'><strong><em>καὶ</em></strong></span> <span class='ocrx_word' id='word_1_184' title='bbox 608 3053 720 3120; x_wconf 81' lang='grc' dir='ltr'><strong><em>πολλὰ</em></strong></span> <span class='ocrx_word' id='word_1_185' title='bbox 749 3055 819 3119; x_wconf 82' lang='grc' dir='ltr'><strong><em>καὶ</em></strong></span> <span class='ocrx_word' id='word_1_186' title='bbox 846 3056 918 3137; x_wconf 81' lang='lat' dir='ltr'><strong>[om.</strong></span> <span class='ocrx_word' id='word_1_187' title='bbox 940 3054 979 3137; x_wconf 83' lang='lat' dir='ltr'><strong><em>R]</em></strong></span> <span class='ocrx_word' id='word_1_188' title='bbox 1013 3060 1080 3120; x_wconf 83' lang='grc' dir='ltr'><strong><em>τῶν</em></strong></span> <span class='ocrx_word' id='word_1_189' title='bbox 1112 3059 1285 3141; x_wconf 80' lang='grc' dir='ltr'><strong><em>χρησίμων</em></strong></span> 
     </span>
     <span class='ocr_line' id='line_1_27' title="bbox 149 3155 566 3244; baseline -0.01 -20"><span class='ocrx_word' id='word_1_190' title='bbox 149 3155 190 3227; x_wconf 80' lang='grc' dir='ltr'><strong><em>ἂν</em></strong></span> <span class='ocrx_word' id='word_1_191' title='bbox 212 3158 321 3240; x_wconf 82' lang='grc' dir='ltr'><strong><em>δόξειε</em></strong></span> <span class='ocrx_word' id='word_1_192' title='bbox 344 3159 566 3244; x_wconf 76' lang='grc' dir='ltr'><strong><em>παραλιπεῖν.</em></strong></span> 
     </span>
    </p>

    <p class='ocr_par' dir='ltr' id='par_1_12' title="bbox 149 3257 1287 3432">
     <span class='ocr_line' id='line_1_28' title="bbox 234 3257 1287 3348; baseline -0.001 -22"><span class='ocrx_word' id='word_1_193' title='bbox 234 3286 268 3348; x_wconf 93' lang='lat' dir='ltr'><strong><em>p.</em></strong></span> <span class='ocrx_word' id='word_1_194' title='bbox 288 3265 395 3328; x_wconf 79' lang='grc'><strong>463155</strong></span> <span class='ocrx_word' id='word_1_195' title='bbox 424 3265 588 3348; x_wconf 82' lang='grc' dir='ltr'><strong><em>μιμητέον</em></strong></span> <span class='ocrx_word' id='word_1_196' title='bbox 617 3259 663 3347; x_wconf 79' lang='grc' dir='ltr'><strong><em>δή</em></strong></span> <span class='ocrx_word' id='word_1_197' title='bbox 692 3259 739 3343; x_wconf 78' lang='grc' dir='ltr'><strong><em>[δέ</em></strong></span> <span class='ocrx_word' id='word_1_198' title='bbox 762 3261 799 3342; x_wconf 74' lang='lat' dir='ltr'><strong><em>R]</em></strong></span> <span class='ocrx_word' id='word_1_199' title='bbox 827 3261 884 3324; x_wconf 87' lang='grc' dir='ltr'><strong><em>καὶ</em></strong></span> <span class='ocrx_word' id='word_1_200' title='bbox 913 3258 974 3346; x_wconf 87' lang='grc' dir='ltr'><strong><em>τήν</em></strong></span> <span class='ocrx_word' id='word_1_201' title='bbox 1002 3257 1195 3346; x_wconf 75' lang='grc' dir='ltr'><strong><em>βραχύτητα</em></strong></span> <span class='ocrx_word' id='word_1_202' title='bbox 1227 3259 1287 3347; x_wconf 84' lang='grc' dir='ltr'><strong><em>τήν</em></strong></span> 
     </span>
     <span class='ocr_line' id='line_1_29' title="bbox 149 3370 295 3432; baseline -0.007 -2"><span class='ocrx_word' id='word_1_203' title='bbox 149 3370 295 3432; x_wconf 86' lang='grc' dir='ltr'><strong><em>Λυσίου.</em></strong></span> 
     </span>
    </p>

    <p class='ocr_par' dir='ltr' id='par_1_13' title="bbox 151 3459 1336 3860">
     <span class='ocr_line' id='line_1_30' title="bbox 232 3459 1286 3554; baseline 0 -24"><span class='ocrx_word' id='word_1_204' title='bbox 232 3489 266 3554; x_wconf 93' lang='lat' dir='ltr'><strong><em>p.</em></strong></span> <span class='ocrx_word' id='word_1_205' title='bbox 287 3469 394 3532; x_wconf 80' lang='grc'><strong>466155</strong></span> <span class='ocrx_word' id='word_1_206' title='bbox 418 3459 436 3530; x_wconf 82' lang='grc' dir='ltr'>ὁ</span> <span class='ocrx_word' id='word_1_207' title='bbox 460 3465 480 3529; x_wconf 82' lang='grc'><strong>6</strong></span> <span class='ocrx_word' id='word_1_208' title='bbox 487 3489 506 3552; x_wconf 89' lang='grc' dir='ltr'><strong><em>η</em></strong></span> <span class='ocrx_word' id='word_1_209' title='bbox 535 3465 582 3548; x_wconf 74' lang='grc' dir='ltr'><strong><em>[δέ</em></strong></span> <span class='ocrx_word' id='word_1_210' title='bbox 597 3466 635 3546; x_wconf 74' lang='lat' dir='ltr'><strong><em>R]</em></strong></span> <span class='ocrx_word' id='word_1_211' title='bbox 662 3468 841 3549; x_wconf 81' lang='grc' dir='ltr'><strong><em>προσέχων</em></strong></span> <span class='ocrx_word' id='word_1_212' title='bbox 864 3461 923 3551; x_wconf 84' lang='grc' dir='ltr'><strong><em>τήν</em></strong></span> <span class='ocrx_word' id='word_1_213' title='bbox 945 3461 1101 3530; x_wconf 77' lang='grc' dir='ltr'><strong><em>διάνοιαν</em></strong></span> <span class='ocrx_word' id='word_1_214' title='bbox 1123 3477 1194 3542; x_wconf 86' lang='grc' dir='ltr'><strong><em>τοῖς</em></strong></span> <span class='ocrx_word' id='word_1_215' title='bbox 1208 3474 1286 3530; x_wconf 92' lang='grc' dir='ltr'><strong><em>Λυ-</em></strong></span> 
     </span>
     <span class='ocr_line' id='line_1_31' title="bbox 151 3559 1336 3654; baseline -0.002 -20"><span class='ocrx_word' id='word_1_216' title='bbox 151 3574 224 3636; x_wconf 89' lang='grc' dir='ltr'><strong><em>σίου</em></strong></span> <span class='ocrx_word' id='word_1_217' title='bbox 246 3567 362 3654; x_wconf 87' lang='grc' dir='ltr'><strong><em>λόγοις</em></strong></span> <span class='ocrx_word' id='word_1_218' title='bbox 385 3563 446 3649; x_wconf 76' lang='grc' dir='ltr'><strong><em>οὐχ</em></strong></span> <span class='ocrx_word' id='word_1_219' title='bbox 477 3563 584 3643; x_wconf 72' lang='grc' dir='ltr'><strong><em>οὕτως</em></strong></span> <span class='ocrx_word' id='word_1_220' title='bbox 607 3565 702 3630; x_wconf 82' lang='grc' dir='ltr'><strong><em>’ἐσται</em></strong></span> <span class='ocrx_word' id='word_1_221' title='bbox 724 3563 842 3642; x_wconf 86' lang='grc' dir='ltr'><strong><em>σκαιὸς</em></strong></span> <span class='ocrx_word' id='word_1_222' title='bbox 867 3615 873 3628; x_wconf 96' lang='grc'><strong>.</strong></span> <span class='ocrx_word' id='word_1_223' title='bbox 897 3615 931 3628; x_wconf 94' lang='grc'><strong><em>..</em></strong></span> <span class='ocrx_word' id='word_1_224' title='bbox 958 3564 996 3642; x_wconf 84' lang='grc' dir='ltr'><strong><em>ὃς</em></strong></span> <span class='ocrx_word' id='word_1_225' title='bbox 1019 3561 1079 3648; x_wconf 79' lang='grc' dir='ltr'><strong><em>οὐχ</em></strong></span> <span class='ocrx_word' id='word_1_226' title='bbox 1108 3561 1285 3654; x_wconf 78' lang='grc' dir='ltr'><strong><em>ὑπολήψε-</em></strong></span> <span class='ocrx_word' id='word_1_227' title='bbox 1334 3559 1336 3562; x_wconf 50' lang='grc'><strong>’</strong></span> 
     </span>
     <span class='ocr_line' id='line_1_32' title="bbox 151 3663 1286 3759; baseline -0.002 -22"><span class='ocrx_word' id='word_1_228' title='bbox 151 3697 206 3738; x_wconf 87' lang='grc' dir='ltr'><strong><em>ται</em></strong></span> <span class='ocrx_word' id='word_1_229' title='bbox 226 3669 468 3759; x_wconf 59' lang='grc' dir='ltr'><strong><em>γινόμεναῦ)</em></strong></span> <span class='ocrx_word' id='word_1_230' title='bbox 496 3669 545 3736; x_wconf 81' lang='grc' dir='ltr'><strong><em>τὰ</em></strong></span> <span class='ocrx_word' id='word_1_231' title='bbox 568 3666 812 3756; x_wconf 83' lang='grc' dir='ltr'><strong><em>δηλούμενα</em></strong></span> <span class='ocrx_word' id='word_1_232' title='bbox 840 3665 892 3752; x_wconf 76' lang='grc' dir='ltr'><strong><em>[τὰ</em></strong></span> <span class='ocrx_word' id='word_1_233' title='bbox 915 3666 1104 3756; x_wconf 83' lang='grc' dir='ltr'><strong><em>δηλούμενα</em></strong></span> <span class='ocrx_word' id='word_1_234' title='bbox 1126 3663 1170 3746; x_wconf 81' lang='grc' dir='ltr'><strong><em>ὡς</em></strong></span> <span class='ocrx_word' id='word_1_235' title='bbox 1193 3669 1286 3754; x_wconf 89' lang='grc' dir='ltr'><strong><em>γινό-</em></strong></span> 
     </span>
     <span class='ocr_line' id='line_1_33' title="bbox 151 3768 417 3860; baseline -0.015 -18"><span class='ocrx_word' id='word_1_236' title='bbox 151 3800 233 3859; x_wconf 83' lang='grc' dir='ltr'><strong><em>μενα</em></strong></span> <span class='ocrx_word' id='word_1_237' title='bbox 256 3778 293 3858; x_wconf 74' lang='lat' dir='ltr'><strong><em>R]</em></strong></span> <span class='ocrx_word' id='word_1_238' title='bbox 322 3768 417 3860; x_wconf 81' lang='grc' dir='ltr'><strong><em>ὁρᾶν.</em></strong></span> 
     </span>
    </p>

    <p class='ocr_par' dir='ltr' id='par_1_14' title="bbox 154 4007 1289 4168">
     <span class='ocr_line' id='line_1_34' title="bbox 220 4007 1287 4084; baseline 0.002 -20"><span class='ocrx_word' id='word_1_239' title='bbox 220 4015 238 4077; x_wconf 80' lang='lat'><strong><em>¹)</em></strong></span> <span class='ocrx_word' id='word_1_240' title='bbox 259 4007 472 4084; x_wconf 74' lang='grc' dir='ltr'><strong><em>μετὰφοραῖςΡ</em></strong></span> <span class='ocrx_word' id='word_1_241' title='bbox 495 4013 507 4076; x_wconf 78' lang='grc' dir='ltr'><strong><em>ΙΙ</em></strong></span> <span class='ocrx_word' id='word_1_242' title='bbox 544 4010 562 4074; x_wconf 64' lang='lat' dir='ltr'><strong><em>ff)</em></strong></span> <span class='ocrx_word' id='word_1_243' title='bbox 590 4007 703 4078; x_wconf 75' lang='grc' dir='ltr'><strong><em>ἢνέκΤ</em></strong></span> <span class='ocrx_word' id='word_1_244' title='bbox 733 4012 744 4078; x_wconf 87' lang='grc' dir='ltr'><strong><em>ΙΙ</em></strong></span> <span class='ocrx_word' id='word_1_245' title='bbox 784 4011 803 4075; x_wconf 82' lang='lat'><strong><em>³)</em></strong></span> <span class='ocrx_word' id='word_1_246' title='bbox 825 4010 922 4067; x_wconf 86' lang='lat' dir='ltr'><strong>Rom.</strong></span> <span class='ocrx_word' id='word_1_247' title='bbox 944 4010 974 4066; x_wconf 76' lang='grc' dir='ltr'><strong><em>δὲ</em></strong></span> <span class='ocrx_word' id='word_1_248' title='bbox 992 4027 1028 4066; x_wconf 84' lang='lat' dir='ltr'><strong><em>ox</em></strong></span> <span class='ocrx_word' id='word_1_249' title='bbox 1045 4010 1156 4067; x_wconf 78' lang='lat' dir='ltr'>Reiskii</span> <span class='ocrx_word' id='word_1_250' title='bbox 1175 4013 1287 4068; x_wconf 82' lang='lat' dir='ltr'><strong>coniec-</strong></span> 
     </span>
     <span class='ocr_line' id='line_1_35' title="bbox 154 4085 1289 4168; baseline 0.002 -20"><span class='ocrx_word' id='word_1_251' title='bbox 154 4101 215 4154; x_wconf 78' lang='lat' dir='ltr'>tura</span> <span class='ocrx_word' id='word_1_252' title='bbox 243 4101 254 4168; x_wconf 72' lang='grc'><strong><em>11</em></strong></span> <span class='ocrx_word' id='word_1_253' title='bbox 294 4097 315 4158; x_wconf 70' lang='grc'><strong><em>4]</em></strong></span> <span class='ocrx_word' id='word_1_254' title='bbox 336 4093 351 4162; x_wconf 85' lang='grc' dir='ltr'><em>ἢ</em></span> <span class='ocrx_word' id='word_1_255' title='bbox 370 4092 492 4166; x_wconf 80' lang='grc' dir='ltr'><strong><em>μάλιστα</em></strong></span> <span class='ocrx_word' id='word_1_256' title='bbox 511 4093 526 4160; x_wconf 87' lang='grc' dir='ltr'><em>ἢ</em></span> <span class='ocrx_word' id='word_1_257' title='bbox 545 4095 728 4152; x_wconf 73' lang='lat' dir='ltr'><strong>Marklandus</strong></span> <span class='ocrx_word' id='word_1_258' title='bbox 749 4119 753 4150; x_wconf 93' lang='lat'>:</span> <span class='ocrx_word' id='word_1_259' title='bbox 775 4085 934 4166; x_wconf 81' lang='grc' dir='ltr'><strong><em>ᾗμάλιστα</em></strong></span> <span class='ocrx_word' id='word_1_260' title='bbox 952 4097 1033 4152; x_wconf 86' lang='lat' dir='ltr'><strong>oodd.</strong></span> <span class='ocrx_word' id='word_1_261' title='bbox 1066 4101 1077 4164; x_wconf 75' lang='lat' dir='ltr'>u</span> <span class='ocrx_word' id='word_1_262' title='bbox 1117 4099 1135 4156; x_wconf 79' lang='lat'><strong><em>⁵]</em></strong></span> <span class='ocrx_word' id='word_1_263' title='bbox 1158 4094 1289 4158; x_wconf 77' lang='grc' dir='ltr'><strong><em>ἐξαλλάτ-</em></strong></span> 
     </span>
    </p>
   </div>
   <div class='ocr_carea' id='block_1_4' title="bbox 152 4181 1283 4338">
    <p class='ocr_par' dir='ltr' id='par_1_15' title="bbox 152 4181 1283 4338">
     <span class='ocr_line' id='line_1_36' title="bbox 152 4181 1283 4252; baseline 0.001 -20"><span class='ocrx_word' id='word_1_264' title='bbox 152 4199 210 4234; x_wconf 79' lang='grc' dir='ltr'><strong><em>τειν</em></strong></span> <span class='ocrx_word' id='word_1_265' title='bbox 228 4183 431 4238; x_wconf 82' lang='lat' dir='ltr'>Herwerdenus</span> <span class='ocrx_word' id='word_1_266' title='bbox 453 4183 482 4236; x_wconf 89' lang='lat' dir='ltr'><strong><em>in</em></strong></span> <span class='ocrx_word' id='word_1_267' title='bbox 500 4181 603 4252; x_wconf 78' lang='lat' dir='ltr'>Lysiae</span> <span class='ocrx_word' id='word_1_268' title='bbox 627 4187 698 4236; x_wconf 81' lang='lat' dir='ltr'><strong>orat.</strong></span> <span class='ocrx_word' id='word_1_269' title='bbox 719 4181 769 4235; x_wconf 83' lang='lat' dir='ltr'><strong>sol.</strong></span> <span class='ocrx_word' id='word_1_270' title='bbox 797 4198 823 4252; x_wconf 89' lang='lat' dir='ltr'><strong>p.</strong></span> <span class='ocrx_word' id='word_1_271' title='bbox 845 4183 860 4232; x_wconf 91' lang='grc'><strong>4</strong></span> <span class='ocrx_word' id='word_1_272' title='bbox 884 4183 896 4250; x_wconf 64' lang='grc' dir='ltr'><strong>ξ</strong></span> <span class='ocrx_word' id='word_1_273' title='bbox 915 4185 930 4233; x_wconf 90' lang='grc'><strong>4</strong></span> <span class='ocrx_word' id='word_1_274' title='bbox 955 4197 1027 4238; x_wconf 83' lang='lat' dir='ltr'><strong>vers.</strong></span> <span class='ocrx_word' id='word_1_275' title='bbox 1050 4185 1074 4246; x_wconf 87' lang='grc'><strong><em>6,</em></strong></span> <span class='ocrx_word' id='word_1_276' title='bbox 1101 4181 1137 4238; x_wconf 90' lang='lat' dir='ltr'><strong><em>of.</em></strong></span> <span class='ocrx_word' id='word_1_277' title='bbox 1158 4199 1185 4252; x_wconf 90' lang='lat' dir='ltr'><strong>p.</strong></span> <span class='ocrx_word' id='word_1_278' title='bbox 1201 4183 1283 4247; x_wconf 70' lang='lat'>45713</span> 
     </span>
     <span class='ocr_line' id='line_1_37' title="bbox 153 4263 1236 4338; baseline 0 -18"><span class='ocrx_word' id='word_1_279' title='bbox 153 4265 269 4322; x_wconf 80' lang='lat' dir='ltr'><strong>Aristot.</strong></span> <span class='ocrx_word' id='word_1_280' title='bbox 291 4273 367 4338; x_wconf 87' lang='lat' dir='ltr'><strong>poet.</strong></span> <span class='ocrx_word' id='word_1_281' title='bbox 388 4287 411 4321; x_wconf 83' lang='lat' dir='ltr'><strong>c.</strong></span> <span class='ocrx_word' id='word_1_282' title='bbox 427 4267 475 4319; x_wconf 79' lang='lat'><strong><em>22:</em></strong></span> <span class='ocrx_word' id='word_1_283' title='bbox 497 4263 672 4320; x_wconf 74' lang='grc' dir='ltr'><strong><em>διαλλάττειν</em></strong></span> <span class='ocrx_word' id='word_1_284' title='bbox 683 4267 764 4320; x_wconf 85' lang='lat' dir='ltr'><strong>codd.</strong></span> <span class='ocrx_word' id='word_1_285' title='bbox 796 4269 806 4332; x_wconf 88' lang='grc' dir='ltr'><strong><em>ΙΙ</em></strong></span> <span class='ocrx_word' id='word_1_286' title='bbox 847 4268 866 4330; x_wconf 75' lang='grc' dir='ltr'><strong><em>θ)</em></strong></span> <span class='ocrx_word' id='word_1_287' title='bbox 888 4264 1036 4338; x_wconf 76' lang='grc' dir='ltr'><strong><em>γινόμενα,</em></strong></span> <span class='ocrx_word' id='word_1_288' title='bbox 1057 4285 1112 4322; x_wconf 83' lang='lat' dir='ltr'><strong>ras.</strong></span> <span class='ocrx_word' id='word_1_289' title='bbox 1133 4285 1155 4322; x_wconf 86' lang='lat' dir='ltr'><strong>s.</strong></span> <span class='ocrx_word' id='word_1_290' title='bbox 1178 4289 1186 4322; x_wconf 91' lang='grc' dir='ltr'><strong><em>ι</em></strong></span> <span class='ocrx_word' id='word_1_291' title='bbox 1207 4270 1236 4322; x_wconf 81' lang='lat' dir='ltr'><strong>F.</strong></span> 
     </span>
    </p>
   </div>
   <div class='ocr_carea' id='block_1_5' title="bbox 0 0 1627 5140">
    <p class='ocr_par' dir='ltr' id='par_1_16' title="bbox 0 0 1627 5140">
     <span class='ocr_line' id='line_1_38' title="bbox 0 0 1627 5140; baseline 0 0"><span class='ocrx_word' id='word_1_292' title='bbox 0 0 1627 5140; x_wconf 95' lang='lat' dir='ltr'><strong><em> </em></strong></span> 
     </span>
    </p>
   </div>
  </div>
 </body>
</html>
