3182 5136
295 366 361 431 uss
718 395 777 411 ·-
826 367 908 448 μιν]
955 397 1001 412 --

384 554 414 616 3.
446 552 623 618 Florentini
645 559 677 618 et
699 552 902 618 Ambrosiani
924 553 1018 619 lectio
1042 549 1103 639 ripa
1125 550 1271 635 δύναμιν
1294 557 1355 618 τοῦ
1378 547 1440 618 ἀν-

296 652 376 742 δρὸς
400 653 613 738 ἐπιδείξομεν
637 650 791 743 ἀποχρῆν
814 653 969 739 οἰόμενος
992 677 1034 722 ex
1052 662 1145 741 parte
1160 655 1218 721 illa
1233 655 1366 738 quidem
1381 656 1443 722 de-

295 765 433 844 pravata
455 759 489 824 in
511 759 721 826 deterioribus
744 759 909 826 codicibus
931 780 1049 826 novam
1072 761 1288 844 corruptelam
1307 765 1444 844 experta

296 869 347 928 est
370 859 521 944 οἰόμενοι
542 882 600 948 pro
624 859 790 944 οἰόμενος.
831 863 1011 930 Genuinam
1034 863 1204 930 lectionem
1227 861 1444 929 ParisinusA

296 965 498 1050 suppeditat,
533 985 574 1032 ex
602 985 664 1049 quo
694 965 817 1032 scribas
848 963 909 1051 τὴν
938 962 1083 1047 δύναμιν
1110 971 1170 1030 τοῦ
1194 958 1318 1051 ἀνδρὸς
1347 963 1444 1030 ἐπι-

297 1067 497 1152 δείξομαι
520 1062 676 1156 ἀποχρῆν
698 1065 912 1151 οἰόμενος.

383 1230 412 1289 4.
445 1211 640 1291 Particuiam
664 1224 710 1306 δέ,
738 1243 821 1308 quae
843 1225 939 1309 volgo
961 1231 1034 1312 post
1066 1223 1196 1290 ἐκείνου
1222 1225 1354 1308 legitur,
1384 1246 1442 1292 co-

295 1326 385 1392 dices
418 1333 504 1393 recte
534 1327 693 1392 omittunt.
741 1327 824 1392 Nam
860 1335 892 1394 ct
921 1327 1080 1412 oppositio
1110 1329 1195 1392 male
1227 1328 1379 1392 statuitur
1410 1336 1443 1394 et

295 1429 394 1495 verba
424 1427 728 1516 προχειρισάμενος
757 1468 800 1478 -
829 1430 1104 1516 παραδείγμασιν
1136 1451 1309 1515 perperam
1342 1432 1442 1514 priori

295 1533 460 1598 enuntiato
483 1531 612 1598 adnecti
634 1534 815 1600 sententiae
834 1553 1023 1618 progressus
1040 1533 1143 1599 docet.
1186 1533 1265 1616 „Ea
1293 1554 1375 1617 quac
1399 1535 1441 1600 de

295 1635 397 1720 Lysia
417 1642 543 1701 oratore
565 1635 647 1716 dixi,
675 1642 780 1701 utrum
803 1657 879 1702 vera
902 1637 967 1702 sint
989 1657 1031 1701 an
1054 1635 1157 1718 falsa,
1190 1657 1231 1702 ex
1253 1635 1343 1701 illius
1367 1657 1443 1702 ora-

294 1738 434 1804 tionibus
456 1739 663 1820 examinabo,
697 1745 729 1804 et
751 1739 901 1822 quoniam
924 1741 1017 1823 plura
1039 1739 1187 1822 exempla
1209 1739 1353 1824 proferre
1375 1759 1441 1804 non

294 1841 386 1924 licet,
425 1862 490 1907 una
523 1841 665 1908 oratione
700 1841 870 1907 consilium
900 1841 969 1908 eius
1003 1848 1102 1924 atque
1131 1841 1197 1908 vim
1227 1841 1437 1907 illustrab0“.

293 1943 400 2009 Verba
432 1945 531 2027 igitur
563 1942 867 2030 προχειρισάμενος
895 1983 948 2006 -.
966 1944 1241 2030 παραδείγμασιν
1274 1946 1441 2012 artissime

294 2067 367 2113 cum
397 2048 603 2130 sequentibus
634 2048 820 2131 cohaerent,
859 2055 892 2113 ct
919 2069 982 2114 vox
1013 2047 1155 2124 πολλοῖς
1184 2069 1248 2114 non
1277 2049 1441 2114 infinitum

298 2151 409 2235 (τινα),
437 2151 495 2216 sed
518 2157 640 2217 certum
664 2151 725 2216 sibi
748 2150 941 2217 contrarium
963 2152 1113 2236 postulat.
1154 2151 1234 2218 Inde
1257 2152 1364 2218 scribo
1379 2149 1442 2239 τὴν

293 2253 447 2334 ἐξέτασιν
471 2248 539 2318 ἀπὸ
564 2261 630 2320 τῶν
651 2248 713 2320 ὑπ’
734 2253 863 2322 ἐκείνου
885 2259 1087 2340 γραφέντων
1109 2252 1317 2342 ποιήσομαι,
1351 2278 1441 2341 προ-

291 2354 591 2454 χειρισάμενόςτε
616 2356 689 2424 ἕνα
713 2354 872 2442 λόγον-
889 2352 929 2423 οὐ
951 2353 1014 2443 γὰρ
1039 2355 1180 2444 ἐγχωρεῖ
1198 2359 1342 2435 πολλοῖς
1356 2366 1441 2446 χρῆ-

292 2465 380 2526 σθαι
408 2460 748 2546 παραδείγμασιν-
771 2459 807 2540 ἐξ
833 2459 962 2527 ἐκείνου
992 2458 1053 2548 τήν
1082 2485 1117 2526 τε
1146 2465 1351 2547 προαίρεσιν
1380 2463 1439 2526 καὶ

292 2561 352 2650 τήν
374 2559 519 2645 δύναμιν
540 2567 600 2627 τοῦ
631 2557 753 2648 ἀνδρὸς
781 2561 1010 2646 ἐπιδείξομαι,
1045 2563 1087 2629 cl.
1112 2585 1143 2648 p.
1165 2567 1272 2628 erras
1303 2570 1439 2650 χρῶμαι

291 2666 544 2754 παραδείγματι
567 2663 603 2744 ἐξ
626 2660 736 2732 αὐτῶν
766 2663 829 2732 ἐνί·
867 2661 907 2732 οὐ
936 2663 999 2752 γὰρ
1020 2664 1173 2753 ἐγχωρεῖ
1200 2667 1356 2732 πλείοσι·
1389 2673 1438 2752 τῷ

295 2768 530 2856 Τραπεζιτικῷ
552 2770 733 2853 λεγομένῳ.

378 2944 410 3008 p.
431 2925 523 2988 518⁵s
545 2924 721 3005 Postquam
743 2921 918 3005 Dionysius
942 2919 1068 2987 forense
1084 2921 1203 3006 Lysias
1226 2921 1358 2988 dicendi
1378 2942 1438 3006 ge-

289 3047 353 3092 nus
377 3017 519 3094 oratione
541 3026 575 3090 in
590 3025 795 3109 Diogitonem
810 3024 993 3102 illustravit,
1012 3023 1094 3091 haec
1110 3023 1275 3109 subiungit
1289 3046 1322 3110 p.
1339 3027 1434 3092 518⁵:

293 3128 330 3196 ἐν
357 3129 420 3212 μὲν
448 3126 487 3216 δὴ
511 3139 581 3204 τοῖς
613 3127 862 3216 δικανικοῖς
896 3123 1009 3212 λόγοις
1039 3125 1286 3214 μαλακώτερος,
1322 3123 1436 3216 ὥσπερ

291 3231 379 3320 ’ἔφην
400 3232 482 3296 FM:
512 3229 750 3307 ἐπιδεικτικοῖς
773 3232 811 3295 R.
858 3231 974 3312 Verba,
1001 3231 1111 3314 qualia
1138 3232 1172 3296 in
1194 3233 1381 3298 Florentino
1404 3239 1436 3298 ct

291 3335 505 3402 Ambrosiano
528 3335 695 3418 leguntur,
727 3353 823 3400 scnsu
845 3352 940 3398 cassa
962 3353 1034 3400 esse
1057 3334 1207 3400 librarius
1230 3336 1341 3400 nescio
1364 3336 1436 3420 quis

289 3439 372 3504 bene
394 3437 570 3524 perspexit,
596 3457 668 3503 cum
693 3435 929 3513 ἐπιδεικτικοῖς
952 3437 1134 3521 corrigeret.
1182 3437 1360 3522 Dionysius
1383 3459 1436 3506 rc-

286 3536 388 3626 spicit
418 3542 461 3607 ad
491 3562 547 3625 ea,
586 3561 669 3624 quae
699 3539 781 3605 dixit
807 3561 839 3624 p.
858 3542 979 3606 48810ss
1010 3533 1027 3604 δ
1057 3537 1264 3623 βουλόμενος
1299 3540 1339 3628 δὴ
1375 3541 1436 3630 τὴν

289 3647 427 3710 Λυσίου
448 3640 592 3726 δύναμιν
615 3636 760 3729 ἀκριβῶς
782 3647 998 3724 καταμαθεῖν
1022 3640 1056 3708 ἐκ
1080 3643 1351 3712 reuerterentur
1374 3639 1435 3711 αὐ-

288 3743 351 3832 τὴν
373 3745 503 3828 μᾶλλον
524 3742 635 3828 λόγων
657 3739 677 3830 ἢ
701 3741 737 3808 ἐκ
760 3749 826 3808 τῶν
848 3745 1140 3826 συμβουλευτικῶν
1169 3769 1204 3810 τε
1234 3747 1292 3810 καὶ
1323 3770 1435 3834 πανη-

289 3855 434 3936 γυρικιῑιν
457 3851 637 3912 σκοπείτω.
678 3846 791 3930 Neque
813 3846 947 3912 enimin
963 3847 1013 3929 iis,
1038 3847 1078 3914 de
1094 3849 1209 3931 quibus
1225 3849 1344 3932 agitur,
1371 3871 1434 3917 vox

287 3949 525 4037 Ιμαλακώτερος
548 3948 724 4034 premendo
746 3955 811 4030 est,
837 3967 920 4030 quae
943 3949 1028 4015 redit
1054 3971 1085 4036 p.
1106 3954 1181 4015 4961
1213 3952 1294 4037 περὶ
1325 3951 1362 4018 δὲ
1391 3950 1433 4016 τὰ

288 4048 388 4142 πάθη
411 4048 647 4138 μαλακώτερός
671 4049 758 4130 ἐστι;
789 4071 864 4116 nam
887 4048 929 4115 τὰ
951 4049 1050 4140 πάδιγ
1075 4053 1156 4120 nihil
1179 4073 1348 4122 commune
1371 4056 1430 4121 ha-

287 4161 365 4238 bent
386 4179 459 4226 cum
485 4155 692 4240 panegyricis
722 4153 929 4220 orationibus.
979 4156 1084 4222 Verba
1106 4156 1292 4232 δικανικοῖς
1315 4155 1431 4242 λόγοις

219 4245 223 4254 ’
287 4268 373 4328 recte
400 4257 666 4344 legipraemissa
696 4257 796 4323 oratio
826 4257 859 4321 in
889 4256 1093 4340 Diogitonem
1122 4259 1250 4342 probat3
1285 4268 1360 4343 post
1388 4279 1427 4325 oa
