3182 5136
549 391 593 401 -
640 355 722 437 [reu
770 385 813 401 a·-
1070 305 1072 312 ’
1185 359 1246 422 τοι

116 543 169 607 καὶ
192 535 211 629 ἡ
228 536 375 629 ἀλήθεια
392 547 500 629 φέρει.
548 543 731 626 Sequuntur
752 542 832 609 haee
848 562 930 610 vers.
948 567 1023 609 ress:
1049 542 1108 609 ἐπὶ
1124 545 1160 610 δὲ
1183 552 1249 612 τῶν

112 640 236 711 Ἰσαίου
257 642 472 733 διηγημάτων
493 639 691 712 τούναντίσν
718 639 760 711 δν
782 650 913 712 παθεῖν
934 646 1039 733 μηδὲν
1057 640 1250 731 ὑπολαβεῖν

116 743 293 836 αὐτοφυῶς
314 750 372 814 καί
394 743 685 836 ἀπραγματεύτως
706 750 869 835 λέγεσθαι
894 801 900 814 .
922 799 929 814 .
951 800 957 813 .
983 752 1040 815 καί
1063 759 1110 836 τῶ
1127 752 1190 835 μὲν
1208 747 1251 820 άν

115 854 168 916 καί
184 851 226 916 τὰ
242 853 351 940 ψευδῆ
368 854 501 938 λέγοντι
514 850 727 919 πιστεύσειεν
750 848 800 934 άν,
829 860 875 939 τῷ
890 852 926 918 δὲ
941 845 1023 941 μηδ’
1038 849 1080 920 δν
1096 848 1247 942 άληθεύη

114 957 214 1042 χωρὶς
243 949 401 1041 ὑποψίας
441 957 631 1042 προσέξειν.
685 955 837 1022 Reiskius
877 977 987 1022 omnes
1026 957 1200 1026 infinitivos
1229 979 1247 1026 e

114 1061 210 1126 verbo
233 1059 351 1143 οἴομαι
370 1081 404 1146 p.
424 1063 513 1124 61511
536 1059 719 1145 pendentes
743 1059 821 1125 feeit
848 1079 886 1126 ae
916 1067 1084 1146 praeterea
1109 1060 1249 1129 πιστεύ-

115 1185 202 1230 σειεν
223 1165 258 1229 in
281 1160 477 1230 πιστεύσειν
498 1170 609 1230 mutet.
656 1163 834 1247 Utrumque
856 1183 954 1247 qnam
976 1166 1116 1232 maxime
1139 1175 1248 1234 eontra

115 1268 268 1333 rationem
297 1267 540 1351 grammaticam
561 1267 631 1334 fieri
653 1267 708 1332 vix
738 1268 894 1351 estquod
916 1287 1075 1334 moneam.
1122 1271 1249 1338 Medela

114 1369 184 1435 huie
206 1371 278 1436 loeo
301 1369 467 1436 afferenda
495 1371 590 1454 longe
612 1369 678 1434 alia
700 1377 759 1451 est,
794 1370 828 1435 ni
854 1369 961 1436 failor.
1008 1371 1114 1438 Unum
1135 1373 1248 1439 vitium

115 1473 304 1558 Sylburgins
335 1474 474 1554 sustulit,
507 1493 580 1538 eum
609 1493 666 1557 pro
694 1473 875 1558 προσέξειν
898 1474 1051 1540 seriberet
1073 1478 1245 1562 προσέξει.

114 1577 285 1642 Praeterea
298 1597 356 1662 pro
380 1569 422 1642 ἂν
443 1580 575 1642 παθεῖν
596 1577 689 1660 legas
713 1571 761 1642 διν
783 1573 941 1658 πάθοι,
968 1577 1092 1642 collatis
1108 1598 1140 1663 p.
1157 1581 1247 1646 61513

116 1674 211 1747 ούδὲν
235 1675 278 1747 άν
298 1674 478 1763 ὑπολάβοι,
507 1683 583 1746 6165
607 1677 820 1746 πιστεύσειεν
843 1674 896 1746 άν.

195 1823 231 1887 p.
251 1805 372 1866 euruss
398 1794 514 1867 Ούθέν
544 1800 580 1865 δὲ
603 1796 724 1866 κωλύει
753 1800 810 1865 καὶ
839 1798 1079 1888 κεφαλαιωδῶς
1107 1803 1250 1887 περιλα-

116 1902 219 1987 βόντα
242 1898 289 1969 δι’
315 1901 491 1991 ἐλαχίστης
515 1900 689 1990 δηλώσεως
720 1900 761 1967 ’τά
785 1900 1006 1990 φανερώτατα
1037 1901 1166 1969 εἰπεῖνἸ
1197 1899 1250 1970 ὅτι

117 2031 171 2090 μοι
193 2007 287 2072 δοκεῖ
300 2011 438 2084 Λασίας
460 2005 523 2089 μὲν
545 2005 606 2094 τὴν
624 1999 791 2093 ἀλήθειαν
812 2003 944 2072 διώκειν
965 2007 1103 2089 μᾶλλον,
1127 2001 1250 2085 Ἰσαῖος

117 2110 150 2174 δέ
171 2109 233 2198 τὴν
254 2115 383 2197 τέχνην,
410 2110 467 2173 καί
491 2103 508 2174 ὁ
531 2109 594 2191 μὲν
617 2106 847 2190 στοχάζεσθαι
870 2116 930 2175 τού
942 2113 1136 2196 χαριέντως,
1170 2103 1249 2175 ὅδὲ
1288 2163 1290 2168 .

117 2221 172 2279 τού
188 2213 315 2290 δεινῶς.
362 2213 525 2280 Aduerbia
546 2217 730 2299 χαριέντως
745 2218 778 2278 et
793 2211 908 2289 δεινῶς
930 2213 1035 2278 locum
1053 2213 1249 2279 nullomodo

117 2316 242 2400 habent,
268 2335 372 2400 neque
394 2336 466 2382 eum
481 2315 614 2382 Reiskio
636 2316 730 2398 sario,
756 2315 811 2399 qni
834 2314 946 2382 εἰπεῖν
967 2315 1167 2381 intercidisse
1189 2337 1250 2401 pu—

117 2426 169 2485 tat.
216 2420 450 2486 Desiderantur
473 2419 536 2484 duo
558 2426 682 2500 neutra,
710 2439 792 2503 quae
814 2419 922 2485 verbis
945 2416 1006 2506 τὴν
1028 2413 1250 2506 &trituraret

120 2521 175 2610 τὴν
193 2527 314 2612 τέχνην
335 2523 561 2607 respondeant.
609 2524 721 2606 Itaque
744 2524 817 2608 lego
840 2522 931 2588 δοκεῖ
957 2572 1019 2587 ...
1046 2516 1063 2588 ὁ
1087 2523 1150 2606 μέν
1172 2547 1250 2590 στο-

119 2625 283 2708 Ιχάζεσθαι
305 2633 366 2694 τού
387 2631 634 2714 χαρίεντος,
661 2620 678 2691 δ
703 2627 739 2693 δὲ
762 2633 822 2692 τοῦ
845 2625 1003 2693 δεινοῦ.

631 2849 707 2936 ur.

456 2989 496 3040 In
513 2989 657 3040 libellum
675 2988 713 3040 de
731 2989 900 3040 Dinareho.

200 3127 235 3191 P.
254 3127 360 3190 638rss
378 3118 632 3207 Ὑποκειμένων
659 3123 695 3188 δὲ
725 3121 854 3190 τούτων
876 3118 1060 3212 ὁλοσχερεῖ1
1075 3127 1223 3212 λοχισμιῖ
1237 3147 1243 3160 ’

123 3225 156 3291 τὸ
183 3225 244 3314 χδιρ
275 3221 411 3313 άκριβὲς
440 3221 499 3293 σύκ
527 3225 666 3309 ἔχομεν·
697 3226 747 3314 εἴη
773 3223 815 3292 άν
841 3223 927 3308 κατὰ
952 3225 1156 3316 Νικόφημον
1187 3225 1247 3315 άρ-

123 3353 217 3410 χοντα
246 3327 400 3416 χεχσνώς.
441 3328 530 3394 εἶδέ
560 3353 611 3406 τις
639 3324 660 3416 ἢ
688 3326 920 3417 πρεσβύτερον
949 3325 1249 3418 ἢνεώτεροντῶν

124 3431 299 3520 εἰρημένων
319 3431 452 3520 χρόνων
467 3427 572 3499 αὐτὸν
593 3425 682 3498 εἶναι
702 3429 848 3520 φήσειέ),
875 3432 963 3520 πρὸς
978 3442 1025 3520 τῷ
1039 3434 1144 3522 μηδὲν
1157 3428 1249 3520 ύχιὲς

97 3533 102 3544 '
125 3536 302 3620 λέγεινκαὶ
323 3533 444 3622 λάχους
470 3530 602 3621 αύτδνλί
630 3533 779 3612 πολλοὺς
808 3530 1028 3624 άφελεῑταιθ),
1060 3539 1249 3622 μᾶλλονδὲ

125 3635 246 3717 πάντας
268 3637 359 3727 πλὴν
381 3643 482 3704 πέντε
504 3633 524 3726 ἢ
548 3639 592 3721 ἓξ,
620 3645 686 3705 τῶν
708 3639 771 3722 μὲν
793 3637 1025 3726 πρεσβύτερον
1042 3635 1156 3725 αὐτὸν,
1183 3649 1250 3708 τῶν

126 3739 158 3804 δέ
176 3741 334 3830 νεώτερον
349 3737 438 3808 εἶναι
454 3743 571 3826 λέγων.
618 3741 822 3808 condicionis
837 3743 872 3808 in
887 3743 1022 3828 apodesi
1037 3765 1101 3809 non
1116 3744 1249 3811 ferenda

125 3852 169 3910 est
186 3847 329 3933 repetitio
357 3853 423 3912 τῶν
444 3845 508 3929 μέν
528 3843 760 3932 πρεσβύτερον
782 3840 895 3930 αὐτὸν,
929 3854 996 3913 τῶν
1024 3847 1060 3913 δέ
1082 3845 1246 3934 νεώτερον

129 4001 322 4016 Q..—

186 4107 202 4170 ι)
223 4102 307 4177 φύσει
324 4104 474 4160 Westerrn.
493 4103 581 4172 biogr.
601 4121 628 4174 p.
644 4105 750 4159 320292
777 4105 849 4176 φησὶ
867 4105 922 4160 FR
949 4108 959 4172 ΙΙ
989 4106 1007 4172 ²)
1030 4103 1119 4158 αὐτὸν
1136 4107 1242 4175 Krueg.

127 4189 205 4337 {213}
211 4191 339 4332 Εηρὶαἱεοί.
359 4207 403 4261 ap.
418 4191 565 4246 Westerm.
585 4190 605 4244 l.
625 4191 661 4246 λι
682 4180 718 4242 αύ
737 4190 792 4245 FR
810 4195 821 4258 ΙΙ
844 4189 864 4257 ⁸)
886 4189 1032 4263 ἀφελεῖται
1052 4191 1146 4296 Syib.:
1168 4190 1241 4264 άφέ-
