3250 5146
326 407 367 468 no
762 439 806 448 -
854 404 937 484 [roo]
984 439 1027 447 -

326 590 368 656 τὰ
398 597 464 657 τῶν
488 594 662 675 νεωτέραν
673 595 691 673 ¹)
731 588 761 654 εἰ
786 584 867 676 μηδ)
923 586 964 653 τὰ
987 595 1052 655 τῶν
1073 593 1247 675 νεωτέρων
1268 588 1298 654 εἰ
1321 587 1465 676 μηδενὸς

327 692 402 771 ἑνὸς
439 688 690 759 dulcamen
722 692 778 757 ὀια
808 717 871 774 μεν
922 693 984 758 lac.
1013 693 1222 758 10-121itt.
1255 693 1259 778 l
1290 696 1378 756 7-9
1400 694 1460 758 litt.

326 795 389 885 γὰρ
420 794 499 872 τοὺς
529 801 782 887 παραινοῦντας
813 801 871 882 τῆς
923 791 979 859 διὰ
999 793 1140 881 μὲνγὰρ
1156 792 1235 871 τοὺς
1254 803 1464 880 παραινοῦν-

326 897 459 988 εἰρήνης
485 893 591 965 οὐθὲν
612 895 752 963 πώποτε
779 891 868 963 οὐδ’
922 921 983 974 τας
1008 900 1070 964 lac.
1098 903 1233 963 13—15
1260 899 1323 963 litt.
1358 893 1465 964 οὐθὲν

327 1002 505 1089 ἐλλειπῆ
529 998 720 1083 ἐπάθομεν.
922 995 1062 1065 admove
1077 1003 1140 1068 lac.
1154 1001 1352 1066 13-151itt.
1380 998 1465 1064 ἐπά-

922 1108 1043 1186 dorcon.

413 1209 610 1274 Luculentus
646 1207 789 1292 profecto
818 1208 907 1273 locus
935 1213 985 1272 est
1018 1215 1050 1272 et
1079 1207 1134 1288 qui
1167 1208 1260 1292 plura
1288 1207 1466 1272 certissime

326 1312 441 1378 dooere
463 1329 523 1376 nos
545 1310 658 1395 possit.

416 1438 443 1496 1.
473 1431 678 1497 Ambrosiani
708 1431 903 1517 exemplaris
933 1431 1017 1496 idem
1048 1431 1109 1496 fuit
1142 1430 1336 1515 archetypus
1368 1437 1465 1512 atque

328 1537 407 1619 eius,
443 1556 484 1600 ex
507 1556 569 1618 quo
592 1536 701 1600 nescio
723 1535 794 1618 quis
818 1534 934 1599 librum
962 1534 1003 1600 do
1034 1533 1260 1618 compositione
1282 1534 1462 1613 verborum,

327 1639 368 1705 de
391 1641 530 1723 antiquis
553 1639 731 1705 oratoribus
753 1645 878 1722 partem
900 1638 1049 1722 priorem,
1075 1637 1220 1702 libellum
1243 1636 1283 1702 de
1304 1635 1466 1702 Dinarcho

327 1743 530 1828 transcripsit
558 1749 590 1808 et
619 1763 690 1808 cum
721 1741 835 1807 ceteris
865 1741 1031 1826 oporibus7
1065 1761 1147 1823 quae
1175 1761 1261 1806 nnnc
1283 1741 1467 1806 Florentino

327 1847 529 1912 continentur
550 1847 600 1928 (cs.
618 1867 695 1930 pag.
712 1849 776 1928 32),
801 1845 979 1924 coniunxit3
1007 1865 1048 1910 ex
1063 1865 1101 1910 eo
1116 1845 1197 1910 libro
1219 1863 1275 1928 per
1295 1844 1467 1909 nonnullos

327 1949 447 2032 gradus
469 1950 503 2014 ni
525 1949 620 2014 sallon
641 1948 846 2014 Florentinus
868 1947 968 2012 fluxit.
1017 1947 1236 2012 Florentinum
1265 1953 1372 2012 autem
1397 1947 1468 2012 dico

326 2053 463 2138 primam
479 2052 596 2118 codicis
612 2072 759 2131 manum3
786 2071 861 2116 nam
878 2050 918 2116 de
934 2071 1031 2115 manu
1051 2050 1192 2117 secunda
1208 2049 1301 2115 aliter
1319 2049 1468 2114 iudican-

327 2155 403 2221 dum
420 2164 488 2234 est3
514 2155 554 2221 cf.
574 2175 656 2238 quae
671 2154 755 2219 infra
770 2154 886 2218 dicam.
922 2154 1178 2219 Lacunarum
1199 2173 1341 2238 nempe
1364 2173 1468 2218 com-

328 2259 511 2324 munitas
535 2277 784 2324 communem
803 2257 1005 2340 originem
1025 2256 1179 2340 arguit.
1214 2256 1372 2320 Nimirum
1389 2257 1469 2321 latet

327 2365 361 2428 in
384 2363 482 2428 verbo
506 2355 701 2426 doceamur
728 2361 855 2426 lectoris
883 2359 1018 2425 alicuius
1041 2367 1117 2426 nota
1139 2353 1336 2439 dodonaeo,
1371 2379 1468 2440 quam

329 2487 384 2531 cur
416 2465 618 2550 apposuerit,
655 2464 860 2530 Ambrosiam
895 2464 1050 2529 lacuna
1081 2469 1247 2528 monstrat.
1300 2462 1469 2528 Perierunt
1545 2473 1547 2478 '

329 2569 415 2634 enim
437 2568 588 2633 Isocratis
611 2568 711 2634 verba
734 2561 919 2654 ἀκηκόασιν
942 2561 1004 2648 ὅτι,
1031 2567 1148 2649 quibus
1170 2567 1255 2649 quod
1277 2565 1311 2630 in
1329 2566 1468 2630 Ambro-

329 2673 421 2738 siano
443 2671 527 2736 iusto
554 2671 606 2754 (12
622 2671 695 2754 litt.)
723 2670 827 2734 mains
851 2670 989 2754 spatium
1018 2670 1243 2753 [17—2llitt.)
1271 2668 1468 2734 destinatum

329 2782 393 2855 est,
424 2774 505 2839 nihil
527 2774 588 2840 hoc
617 2774 659 2838 ad
682 2793 749 2838 rem
772 2773 860 2838 facit.
908 2773 987 2838 Erat
1014 2779 1120 2838 autem
1150 2773 1183 2836 in
1206 2793 1243 2838 eo
1267 2792 1392 2855 quoque
1416 2793 1470 2836 co-

329 2879 417 2958 dice,
450 2877 536 2942 unde
558 2877 762 2942 Florentinus
794 2875 957 2942 derivatus
987 2883 1053 2957 est,
1089 2875 1267 2960 spatium
1296 2895 1468 2940 vacuum

328 2981 532 3058 1·elictum;
566 3001 641 3045 nam
670 2981 800 3045 verbum
825 2973 1004 3043 ἀσύνοπτα
1034 2985 1090 3043 aut
1119 2978 1153 3041 in
1180 2977 1250 3062 ipso
1277 2977 1338 3042 hoc
1364 2977 1469 3062 spatio

328 3086 428 3150 lector
457 3083 573 3166 aliquis
603 3083 775 3168 scripserat
804 3087 869 3162 aut,
900 3081 988 3164 'qnod
1010 3080 1215 3146 verisimilius
1246 3087 1305 3162 est,
1341 3099 1412 3144 cum
1435 3079 1469 3144 in

328 3186 474 3270 margine
497 3185 710 3271 apposuisset,
741 3185 892 3250 librarius
916 3183 1043 3265 deinde,
1070 3184 1262 3265 quinorum
1286 3184 1469 3266 exemplum

329 3309 370 3354 ex
392 3309 430 3354 eo
452 3288 662 3371 transcripsit,
693 3287 753 3352 hoc
776 3289 874 3352 verbo
897 3287 1046 3351 lacunam
1068 3292 1153 3350 recte
1176 3285 1301 3369 expleri
1324 3291 1412 3350 ratus
1435 3285 1469 3348 in

329 3398 452 3457 textum
474 3391 605 3475 recepit.
652 3391 765 3473 Neque
788 3390 873 3454 enim
895 3409 973 3468 casu
996 3389 1114 3454 factum
1138 3395 1196 3468 est,
1223 3396 1259 3453 ut
1280 3409 1342 3452 vox
1366 3381 1470 3452 ἆοὺν-

330 3516 438 3558 ααναι
459 3493 672 3558 Ambrosiani'
690 3494 826 3558 lacunae
855 3491 1073 3577 responderet.
1115 3492 1203 3557 Idem
1234 3489 1349 3556 docent
1371 3492 1470 3555 verba
1504 3523 1506 3526 ·

330 3590 404 3663 οὐδ’
436 3594 582 3682 ἐλλειπῆ,
616 3591 633 3660 e
664 3595 780 3678 quibus
811 3595 906 3660 facile
937 3595 1042 3677 quivis
1067 3601 1174 3660 notam
1201 3595 1312 3658 λείπει
1336 3593 1467 3667 eliciet3

328 3699 530 3766 Ambrosiani
546 3705 653 3764 autem
677 3699 857 3782 spatium
878 3718 1046 3764 vacuum
1062 3735 1106 3744 -
1120 3697 1215 3782 periit
1230 3718 1292 3762 vox
1307 3693 1412 3772 κακόν
1427 3735 1473 3742 -

331 3825 386 3869 cur
409 3803 492 3868 haec
520 3808 596 3866 nota
618 3801 728 3867 addita
758 3802 816 3882 sit,
850 3801 969 3866 diserte
999 3799 1130 3865 indicat.
1185 3801 1231 3865 Ac
1258 3821 1299 3864 ne
1330 3800 1401 3882 quis
1431 3820 1473 3864 ea

331 3906 371 3978 de
401 3926 435 3980 re
458 3905 597 3986 dubitet,
630 3905 824 3989 interpolata
856 3904 1014 3988 particula
1043 3899 1114 3985 (dod
1144 3903 1220 3985 μὲν)
1249 3900 1324 3989 γὰρ
1356 3903 1471 3968 certis-

331 4009 411 4073 simo
434 4007 623 4072 documento
646 4014 695 4072 est
716 4007 824 4071 hiatus
846 4006 919 4070 illos
948 4005 982 4070 in
1005 4005 1178 4089 archetypo
1201 4005 1317 4085 fuisse3
1349 4005 1471 4086 alioqui

331 4112 414 4176 enim
438 4110 514 4176 addi
537 4131 600 4174 non
621 4111 735 4194 potuit.

403 4318 420 4380 ¹)
440 4315 527 4371 verba
545 4313 570 4366 εἰ
582 4343 616 4352 —
630 4315 772 4384 νεωτέρων
790 4314 853 4366 add.
869 4313 903 4365 F2
921 4314 950 4365 in
968 4327 1022 4379 mg.
