3182 5136
572 417 616 426 -
673 379 746 460 311]
794 415 837 424 -
1212 379 1276 440 aar

146 595 209 634 τιον
230 563 343 634 αὐτῶν
366 567 506 644 ἐκείνοις
520 565 733 651 ,τρίτττομενῑ
759 564 797 630 τὸ
821 564 944 644 ,Ἀλλὰ
958 573 1031 630 πᾶν
1048 559 1276 631 τούναντίον·

145 667 234 759 ἤρκει
256 668 321 756 γὰρ
345 665 455 737 αὐτῶν
480 669 640 756 εἰρῆσθαι
662 669 824 754 θάτερον.
869 669 947 755 ἒξῇν
976 693 1010 733 τε
1041 667 1104 754 γὰρ
1132 673 1216 751 μίαν
1245 667 1281 733 ἐκ

146 783 208 841 τῶν
222 775 316 840 δυεῖν
331 782 473 860 ποιῆσαι
487 774 659 858 περίοδον.
685 775 743 838 καὶ
759 778 1022 856 συντομωτέραν
1036 773 1093 836 καὶ
1108 777 1282 858 χαριεστέ-

148 901 221 964 ραν·
255 883 339 956 ,Τίς
361 875 424 963 γὰρ
448 872 491 943 ἂν
513 871 663 942 ἄν’λοθεν
685 875 844 942 ἐπελθὼν
866 870 926 940 oin.
950 871 992 940 ἂν
1013 881 1202 958 μαίνεσθαι
1224 899 1281 940 νο-

143 987 270 1063 μίσειεν
294 975 393 1067 ἡμᾶς’
421 983 455 1044 οἳ
477 979 754 1066 (φιλοτιμούμεθα
776 981 840 1062 μὲν
860 979 917 1044 ἐπὶ
934 993 1005 1056 τοῖς
1021 987 1086 1045 τῶν
1100 977 1282 1066 προγόνων

142 1084 259 1170 ἔργοις,
289 1079 387 1150 οὐδὲν
409 1084 445 1148 di
469 1091 535 1149 τῶν
557 1079 669 1150 αὐτῶν
690 1083 832 1160 ἐκείνοις
846 1081 1079 1166 πράττομεν;“
1104 1084 1281 1168 Dionysius

143 1196 311 1272 postquam
334 1210 361 1254 c.
384 1193 421 1250 17
444 1189 625 1254 Isocrateae
648 1188 796 1254 dictionis
817 1189 999 1271 exemplum
1017 1208 1060 1253 ex
1081 1188 1225 1252 oratione
1240 1187 1281 1251 de

142 1313 220 1376 pace
249 1293 275 1376 (ᾗ
299 1295 449 1375 41-502
479 1293 628 1375 protulit.
662 1292 806 1375 proximo
829 1292 934 1375 capite
955 1305 1036 1357 cum·
1050 1292 1186 1356 uirtutes
1209 1290 1279 1356 eius

141 1403 207 1460 tum
229 1396 311 1460 vitia
332 1403 508 1462 enumerat.
555 1397 645 1460 Haec
667 1404 704 1460 ut
723 1396 872 1476 illustret,
897 1396 931 1460 in
953 1396 1058 1480 prima
1080 1396 1188 1460 statim
1206 1415 1283 1461 sen-

143 1499 242 1564 tentia
277 1499 303 1582 (ξ
326 1501 373 1579 stj
410 1499 461 1563 bis
490 1505 580 1564 terre
607 1498 694 1564 idem
722 1498 844 1563 dictum
872 1517 944 1563 esse
973 1498 1114 1564 ostendit
1148 1501 1185 1580 ζο.
1213 1500 1278 1580 19).

145 1603 237 1668 Ratio
261 1609 369 1668 autem
392 1602 552 1686 probandi
574 1602 656 1667 baec
677 1609 744 1682 est,
777 1602 868 1667 utin
889 1602 1048 1686 prioribus
1071 1602 1150 1666 eolis
1172 1607 1282 1685 poste-

145 1706 227 1771 riora
250 1707 360 1772 inesse
381 1705 596 1775 demonstret:
622 1705 708 1787 quod
730 1725 802 1770 cum
820 1705 908 1788 dicit,
935 1726 974 1771 eo
994 1707 1067 1790 ipso
1089 1705 1281 1770 sententiam

142 1817 264 1878 tautum
286 1809 319 1874 iu
337 1809 403 1874 illis
426 1809 561 1875 eandem
583 1829 658 1876 esse
680 1809 851 1893 siguificat,
876 1830 941 1875 nou
962 1810 1094 1875 verbum
1110 1809 1207 1875 verbo
1229 1829 1282 1874 re-

143 1913 311 1996 spondere.
358 1914 471 1980 Priora
498 1914 561 1980 tria
589 1915 660 1980 oola
687 1914 863 1980 enuntiatis
891 1915 1076 1980 causalibus
1108 1913 1277 1978 finiuntur:

144 2013 283 2098 δυνάμει
304 2013 368 2101 γὰρ
385 2012 489 2102 ἄμφω
511 2011 629 2096 ταύτά,
656 2014 774 2103 τὸγὰρ
791 2011 873 2082 αὐτὸ
891 2018 1151 2103 φιλοτιμεῖσθαί
1173 2017 1281 2082 τεκαὶ

146 2118 306 2199 ἐπαινεῖν,
333 2113 427 2205 ἤρκει
449 2117 513 2205 γὰρ
536 2114 648 2186 αὐτῶν
669 2119 832 2206 εἰρῆσθαι
853 2117 1013 2206 θάτερον,
1042 2141 1181 2203 quorum
1203 2139 1281 2185 cou-

143 2222 225 2288 dicio
240 2242 372 2306 prorsus
383 2213 512 2289 diversa
526 2231 587 2290 est.
621 2224 706 2288 Nam
720 2244 793 2289 cum
808 2223 917 2308 priora
931 2223 975 2287 ad
989 2223 1119 2306 singula
1132 2223 1282 2306 exempla

144 2325 286 2410 proxime
301 2325 528 2410 praecedentia
549 2326 735 2410 respiciant,
761 2326 890 2392 tertium
912 2321 1007 2412 ἤρκει
1028 2322 1092 2412 γὰρ
1109 2319 1219 2390 αὐτῶν
1234 2323 1282 2389 εἰ·

143 2433 271 2515 ρῆσθαι
285 2425 436 2513 θάτερον
457 2428 624 2494 adomnia
645 2430 707 2494 tria
722 2431 872 2514 exempla
893 2431 1047 2514 pertinet;
1073 2429 1223 2494 nimirum
1241 2449 1282 2494 ex

142 2541 187 2598 ter
204 2533 291 2598 binis
308 2532 387 2598 colis
400 2539 450 2598 ter
465 2533 595 2615 singula
616 2551 734 2616 ponere
756 2541 808 2598 sat
822 2541 903 2598 erat.
950 2535 1040 2598 Haeo
1061 2554 1096 2598 re
1112 2553 1188 2599 vera
1202 2533 1283 2597 Dio-

142 2637 270 2720 nysium
291 2636 435 2718 intellegi
451 2637 592 2700 voluisse
608 2636 722 2720 probat
737 2635 898 2720 periodus,
924 2638 1051 2719 qualem
1067 2637 1225 2701 Isocrates
1241 2656 1281 2700 ex

143 2741 209 2804 eius
226 2739 387 2804 sententia
401 2739 541 2804 formare
554 2738 709 2804 debebat:
739 2743 799 2814 Τίς
820 2737 883 2825 γὰρ
900 2736 943 2806 ἂν
958 2736 1108 2804 ἄλλοθεν
1123 2736 1282 2804 ἐπελθὼν

143 2837 199 2906 οὐκ
218 2836 261 2906 ἂν
275 2844 464 2923 μαίνεσθαι
478 2845 650 2924 νομίσειεν
674 2835 769 2928 ἡμᾶς,
796 2844 829 2906 οἳ
845 2840 1121 2929 φιλοτιμούμεθα
1144 2841 1207 2924 μὲν
1223 2840 1281 2905 ἐπὶ

144 2957 211 3020 τοῖς
240 2951 308 3009 τιῖνν
337 2942 518 3028 προγόνων
546 2943 673 3030 ἔργοις,
713 2939 812 3011 οὐδὲν
840 2946 877 3010 δὲ
907 2953 973 3012 τῶν
1002 2940 1113 3011 αὐτῶν
1141 2942 1281 3019 ἐκείνοις

145 3045 354 3134 redempor,
403 3049 548 3114 Tertium
568 3049 667 3130 igitur
682 3049 880 3114 enuntiatum
904 3045 998 3136 ἤρκει
1019 3046 1082 3135 γὰρ
1101 3049 1171 3112 κτλ.
1205 3047 1281 3130 quia

145 3172 273 3218 oausam
288 3151 391 3233 affert,
418 3171 475 3216 cur
496 3152 530 3216 in
552 3152 655 3218 tribus
676 3153 742 3217 illis
764 3154 916 3218 Isocratis
940 3153 1017 3218 colis
1033 3151 1209 3235 tautologia
1230 3171 1281 3216 re-

146 3255 303 3338 prehensa
325 3255 376 3336 sit,
403 3255 487 3320 alias
501 3257 648 3321 causales
667 3256 843 3321 sententias
859 3257 1017 3341 prioribus
1033 3256 1188 3340 exemplis
1205 3253 1280 3320 addi

145 3360 271 3426 omnino
293 3379 357 3424 non
380 3359 508 3443 patitur,
535 3379 597 3442 quo
612 3359 720 3444 priora
735 3359 798 3424 duo
814 3360 958 3426 eiusdem
973 3360 1099 3443 generis
1115 3357 1281 3424 enuntiata

145 3462 176 3526 in
190 3461 414 3546 gravissimam
430 3462 646 3546 suspicionem
657 3469 822 3528 vocantur.
855 3465 960 3546 Atque
975 3464 1016 3528 de
1031 3462 1082 3527 his
1097 3463 1163 3526 iam
1178 3461 1280 3545 dispi—

146 3565 278 3646 ciamus,
311 3571 343 3630 et
364 3565 454 3649 prius
477 3565 517 3630 de
540 3565 680 3630 seeundo
707 3561 744 3629 τὸ
768 3563 831 3650 γὰρ
856 3559 937 3630 αὐτὸ
962 3566 1222 3652 φιλοτιμεῖσθαι
1244 3587 1279 3628 τε

147 3670 199 3732 καὶ
222 3667 386 3734 ἐπαινεῖν.
430 3669 519 3734 Haeo
534 3675 619 3734 certe
635 3669 784 3753 Dionysii
805 3689 868 3734 nou
891 3676 975 3734 sunt.
1018 3669 1281 3750 Φιλοτιμεῑσθοι

148 3773 227 3837 onim
243 3793 336 3838 nemo
358 3793 498 3856 unquam
521 3771 605 3836 idem
623 3791 694 3837 esse
710 3772 810 3838 voluit
824 3779 920 3854 atque
937 3759 1101 3838 ἐπαινεῖν
1148 3773 1280 3836 Veteres

148 3875 258 3941 audias
274 3876 303 3941 si
317 3877 397 3940 tanti
414 3883 463 3941 est
477 3875 678 3959 interpretes,
706 3896 838 3962 quorum
853 3876 1037 3960 Hesychius
1053 3877 1116 3940 ita:
1144 3875 1280 3938 Φιλοτι-

149 3990 270 4056 μεῑται·
303 3975 433 4062 μεγάλα
458 3989 594 4064 φρονεῖ,
629 3976 822 4063 ἐπαίρεται,
856 3978 1011 4061 πλουτεῖ,
1045 3979 1177 4043 Photius
1208 3997 1278 4041 oum

150 4081 244 4148 Suida
277 4083 345 4148 ita:
387 4082 642 4173 φιλοτιμεῖται·
683 4079 980 4165 ἐπιδαψιλεύεται,
1017 4081 1274 4166 μεναλοφρονεῐ,

151 4182 345 4267 σπουδάζει,
381 4179 508 4269 ἀγαπᾷ.
556 4185 625 4249 Iam
652 4183 744 4267 vide,
770 4203 906 4267 quaeso,
940 4206 1035 4269 qurum
1056 4192 1175 4250 temere
1198 4182 1279 4247 baec

151 4285 336 4374 interpolata
360 4289 433 4353 sint.
482 4288 715 4353 Grammaticus
737 4288 846 4354 neseio
869 4289 939 4370 quis
955 4290 1123 4354 verborum
1146 4305 1279 4368 respon-

1024 4409 1072 4458 15*
