3182 5136
332 353 394 414 εει
761 387 804 397 -
852 351 935 434 pos]
982 385 1026 396 -

417 557 500 604 vers.
521 541 540 602 δ
564 531 675 603 οὐκέτι
697 537 802 622 sylb,
837 531 914 603 οὐκί
936 539 999 604 lae.
1026 539 1045 598 2
1068 536 1128 604 litt.
1154 543 1213 623 τῆς
1227 537 1278 601 M:
1311 531 1369 602 οὐκ
1389 538 1425 602 R.

417 659 501 706 vers.
522 644 538 703 7
564 634 645 705 αάτδ
661 641 711 705 M:
738 633 828 725 αὐτῷ
850 640 905 726 ΒΗ
927 639 1201 726 προσδεχομένης
1224 639 1273 704 M:
1299 661 1456 726 προσεχο-

331 747 434 830 μένης
450 743 479 808 R
495 743 507 828 ΙΙ
523 743 796 830 προσδεχομένης
818 763 931 809 rasura
954 747 1038 808 5-6
1054 743 1115 809 litt.
1142 737 1239 809 οὔπω
1255 743 1286 808 Μ
1308 743 1342 808 in
1363 749 1454 826 textu,

331 847 364 910 in
394 867 458 930 mg.
486 840 676 912 ἀποδουναι
704 847 768 912 lae.
793 852 889 910 4-5
912 847 971 913 litt.
1005 842 1067 933 μὰρ
1099 842 1137 923 ὃς
1153 847 1165 934 ΙΙ
1189 845 1225 912 δὲ
1256 843 1293 922 ὃς
1321 867 1353 931 p.
1372 849 1456 910 olon
1528 903 1532 913 .

334 943 424 1024 δ’δς
447 949 557 1035 Sylb.:
592 945 655 1035 μὰρ
679 946 717 1024 ὃς
739 949 816 1014 MR.

418 1089 502 1135 vers.
525 1074 560 1134 11
592 1066 735 1152 δύναμίν
764 1093 797 1133 τι
818 1069 850 1133 Μ
872 1090 905 1153 p.
933 1071 1042 1134 979152
1076 1063 1221 1150 δύναμιν
1249 1091 1283 1132 τι
1303 1068 1336 1132 Μ
1365 1064 1459 1133 δυνα-

332 1172 504 1252 pwdR

418 1311 503 1358 vero.
525 1296 564 1358 13
588 1290 653 1356 ε’ίτε
677 1291 734 1354 καὶ
757 1291 955 1377 φιλοτιμίαν
982 1311 1015 1374 p.
1034 1292 1110 1354 9801
1142 1288 1208 1355 εἴτε
1240 1290 1414 1376 priorprior
1434 1290 1460 1353 R

333 1413 373 1459 ex
396 1393 522 1459 Reiskii
543 1394 743 1488 coniectura:
769 1387 788 1480 ἡ
813 1394 990 1480 φιλοτιμία
1012 1394 1079 1458 Με.

415 1513 495 1580 Inde
518 1535 539 1579 a
560 1489 655 1580 versd
681 1514 816 1598 septimo
838 1515 936 1581 verba
966 1513 1030 1580 alio
1052 1511 1146 1579 modo
1174 1513 1349 1598 perscripsi
1371 1533 1458 1598 quam

330 1617 363 1680 in
387 1617 580 1682 editionibus
602 1617 763 1700 leguntur.

415 1767 447 1830 p.
474 1749 579 1810 9932ss
611 1741 773 1822 Τοιοῦτός
804 1742 896 1810 ἐστιν
921 1794 927 1806 .
956 1795 961 1806 .
991 1795 997 1810 .
1032 1737 1049 1808 ὃ
1079 1737 1156 1808 κατ’
1185 1737 1458 1830 Ὀλυμπιοδώρου

329 1855 387 1935 της
409 1845 549 1936 βλάβης.
595 1849 773 1914 Articulum
798 1855 856 1935 τῆς
884 1867 1053 1932 perperam
1083 1847 1309 1934 interpolatum
1340 1847 1457 1913 deleas.

330 1951 379 2018 Os.
405 1952 446 2018 de
468 1971 503 2018 re
526 1951 705 2018 certissima
727 1972 756 2018 e.
778 1972 810 2035 g.
836 1972 869 2036 p.
889 1954 980 2016 66112
1003 1947 1100 2014 Κατὰ
1122 1951 1300 2036 Προξένου
1322 1947 1456 2036 βλάβης,

329 2074 414 2120 vers.
436 2057 473 2118 13
497 2052 583 2119 κατὰ
606 2056 863 2142 Κηφισοκλέους
885 2054 943 2118 καί
964 2061 1030 2120 τῶν
1052 2053 1187 2120 οἰκείων
1208 2053 1349 2142 βλάβης.

413 2205 444 2268 p.
464 2187 584 2249 995nss
605 2184 840 2251 Demosthenes
863 2184 986 2250 nullum
1012 2183 1140 2250 dicendi
1171 2203 1273 2267 genus
1302 2183 1456 2266 neglexit;

329 2307 402 2352 nam
426 2295 458 2353 et
480 2288 652 2353 sublimem·
670 2288 853 2371 dictionem,
879 2309 943 2372 qua
958 2286 1163 2371 Thucydides
1186 2287 1326 2352 maxime
1342 2285 1462 2371 gaude·

329 2393 393 2472 bat,
405 2392 439 2456 in
450 2391 646 2458 orationibus
658 2392 807 2458 adhibuit
818 2399 850 2457 et
861 2400 956 2458 tenue
967 2412 1069 2476 genus
1077 2391 1178 2475 Lysia
1190 2391 1286 2457 etiam
1298 2398 1462 2476 praestan-

329 2493 392 2558 tius
415 2493 557 2559 exercuit
579 2502 621 2577 et,
647 2494 758 2576 quiin
779 2494 885 2560 medio
907 2494 1078 2560 clarissimi
1100 2494 1202 2560 habiti
1224 2501 1300 2561 sunt
1320 2495 1461 2578 Thrasy-

329 2595 463 2662 machus
484 2597 642 2662 Isocrates
664 2598 764 2676 Plato,
795 2597 960 2682 superavit
981 2617 1102 2663 omnes.
1149 2598 1266 2664 Tribus
1289 2597 1341 2664 his
1365 2616 1460 2682 gene

328 2701 414 2766 ribus
429 2699 561 2766 totidem
583 2701 656 2766 libri
674 2700 715 2768 de
729 2700 955 2768 Demosthenis
971 2700 1108 2767 dictione
1130 2701 1308 2786 particulae
1329 2721 1462 2786 respon-

328 2803 415 2881 dent,
447 2823 579 2888 quarum
602 2803 637 2868 in
659 2804 820 2870 secundae
844 2811 877 2870 et
898 2803 1010 2870 tertiae
1033 2803 1168 2870 confinio
1190 2825 1224 2888 p.
1244 2807 1366 2870 99513ss
1388 2805 1463 2868 Am-

328 2907 495 2972 brosianus
525 2906 604 2972 haec
634 2907 781 2974 exhibet:
815 2907 872 2972 καλ
894 2900 991 2972 ταῦτ’
1037 2902 1098 2994 ἤδη
1122 2904 1272 2992 γνώριμα
1305 2903 1357 2983 οῖς
1380 2907 1462 2990 λέγω
1572 2939 1573 2942 ¹

329 3011 386 3074 καὶ
409 3003 515 3076 οὐδὲν
537 3006 688 3093 δεόμεθα
711 3006 1007 3096 παραδειγμάτων.
1034 3004 1117 3075 ὥστε
1140 3011 1221 3098 περὶ
1242 3009 1306 3093 μὲν
1328 3016 1390 3076 τοῦ
1403 3033 1461 3091 χα-

331 3120 495 3200 ρακτῆρος
522 3114 583 3180 lac.
611 3116 629 3178 8
653 3113 714 3180 litt.
747 3121 808 3180 τοῦ
830 3113 866 3178 δὲ
897 3113 1074 3201 ῥητορικοῦ
1103 3117 1220 3198 μένους
1249 3120 1310 3180 τοῦ
1338 3107 1462 3196 μεταξὺ

329 3223 394 3282 τοῖιν
422 3211 535 3303 άκρων
564 3214 724 3303 ἑκατέρου
752 3215 793 3283 δν
822 3211 921 3304 ἀτελῆ
950 3213 1161 3304 παραλαβὼν
1190 3211 1207 3282 ὁ
1236 3221 1462 3304 Δημοσθένης

329 3314 415 3406 παρ’
438 3313 648 3405 Ἰσοκράτους
671 3343 706 3386 τε
728 3321 786 3386 καὶ
808 3318 858 3386 ἐ’τι
879 3317 1048 3407 πρότερον
1073 3317 1301 3406 Θρασυμάχου
1330 3321 1389 3386 καὶ
1410 3343 1461 3384 τε·

329 3423 485 3490 λευταίου
506 3418 693 3500 Πλάτωνος
717 3421 925 3507 ἐτελείωσεν,
957 3419 1038 3490 ὅσον
1059 3413 1100 3511 ἦν
1124 3417 1327 3510 ἀνθρωπίνη
1359 3419 1459 3510 φύσει

331 3524 484 3610 δυνατὸν,
511 3523 623 3592 πολλὰ
645 3523 773 3610 μέν’άν
800 3551 851 3604 τις
881 3526 916 3593 ἐκ
946 3534 1012 3594 τῶν
1040 3525 1126 3592 κατὰ
1150 3529 1328 3594 Φιλίππου
1358 3526 1460 3614 δημη-

330 3637 462 3716 γοριῶν,
488 3628 599 3696 πολλὰ
623 3625 652 3696 δ’
672 3629 789 3698 ἐκτῶν
811 3631 983 3718 δημοσίαν
997 3628 1107 3715 λόγων
1121 3631 1382 3717 παραδείγματα
1405 3627 1462 3694 λά-

328 3738 395 3816 βοι.
442 3734 532 3799 Dnas
554 3754 606 3800 res
629 3734 747 3800 codicis
769 3734 862 3800 lectio
884 3734 1013 3801 diversa
1037 3735 1095 3800 illa
1117 3735 1247 3817 quidem
1277 3734 1318 3799 ab
1347 3731 1459 3800 editio-

329 3857 403 3902 num
426 3857 484 3903 nos
507 3837 609 3919 docet,
636 3837 808 3904 secundam
830 3838 1020 3922 particulam
1042 3838 1126 3904 finiu'
1148 3837 1253 3904 verbis
1277 3830 1360 3902 ὥστε
1382 3834 1460 3919 περὶ

328 3941 391 4024 μὲν
413 3947 472 4006 τοῦ
493 3947 703 4028 χαρακτῆρος
725 3940 828 4024 iisque
851 3961 933 4025 quae
954 3941 1133 4026 perierunt,
1169 3941 1295 4008 tertiam
1320 3940 1461 4025 incipere

328 4047 368 4112 ab
391 4044 455 4111 illis
478 4051 538 4110 τοῦ
561 4043 597 4109 δὲ
620 4043 798 4131 ῥητορικοῦ
813 4049 929 4130 μένους
944 4046 1013 4109 κτλ.
1053 4045 1092 4109 ln
1107 4044 1172 4110 line
1188 4043 1346 4110 secundae
1361 4040 1461 4127 partis

330 4149 438 4232 utique
461 4147 653 4215 adiectivum
676 4147 886 4231 desideratur,
919 4167 980 4232 quo
1009 4168 1074 4213 non
1102 4147 1195 4212 aliter
1220 4153 1316 4228 atque
1337 4145 1372 4211 in
1392 4143 1457 4229 pri-

329 4271 400 4318 mae
422 4253 485 4318 fine
508 4251 720 4337 significetur,
753 4251 807 4334 qui
837 4252 878 4318 sit
900 4251 1074 4333 character,
1104 4251 1145 4317 de
1167 4269 1229 4334 quo
1251 4249 1345 4316 modo
1366 4247 1462 4314 verba
