3182 5136
314 382 376 444 κεα
747 415 790 426 -
838 380 921 462 [τοι]
969 415 1012 428 -

312 566 444 655 κράτης)
472 567 645 652 Προδίκου
666 590 702 632 τε
724 573 785 634 τοῦ
807 572 911 633 Κείου
932 569 989 632 καὶ
1014 571 1157 653 Γοργίου
1179 573 1240 632 τοῦ
1254 572 1450 632 Λεοντίνου

313 673 370 737 καί
396 675 514 736 Τισίου
543 677 603 737 τοῦ
624 675 856 755 Συρακουσίου
885 677 951 736 τῶν
980 668 1054 736 τότε
1083 675 1242 756 μέγιστον
1271 665 1384 753 ὄνομα
1418 669 1454 736 ἐν

313 786 384 852 τοῖς
398 769 554 861 Ἕλλησιν
575 771 723 856 ἐχόντων
745 771 804 839 ἐπὶ
826 778 943 861 σοφία.
990 777 1096 840 5351os
1118 773 1158 839 de
1181 773 1293 839 eodem
1310 775 1454 840 Isocrate

314 878 490 964 Dionysius
511 877 575 942 ita:
602 875 783 968 ἐπιθυμῶν
805 877 841 942 δὲ
861 875 960 964 δόξης
983 878 1040 942 καί
1062 883 1122 943 τοῦ
1143 883 1342 962 πρωτεῦσαι
1356 876 1454 962 παρὰ

314 993 384 1057 τοῖς
406 975 563 1067 Ἕλλησιν
585 977 643 1044 ἐπὶ
666 984 784 1066 σοφίᾳ.
833 983 943 1046 111210
974 978 1052 1056 τοὺς
1081 979 1369 1062 θαυμαζομένους
1394 978 1451 1044 ἐπὶ

313 1088 421 1170 σοφίᾳ
443 1085 500 1148 καὶ
522 1088 711 1168 κρατίστων
732 1080 842 1167 λόγων
864 1081 1008 1170 ποιητάς
1035 1081 1279 1165 νομιζομένους
1298 1077 1454 1166 Ἰσοκρά-

313 1212 374 1274 την
396 1187 453 1251 καὶ
475 1184 656 1252 Πλάτωνα.
705 1187 767 1252 Pro
790 1185 886 1252 ἰδίων
907 1187 941 1250 in
964 1185 1076 1252 eodem
1098 1205 1194 1252 versu
1219 1186 1334 1272 scripsi
1358 1185 1454 1251 ίόαο-

314 1298 422 1372 νικῶν,
450 1289 491 1355 εί.
518 1309 601 1372 quae
623 1310 699 1373 pag.
725 1293 788 1354 202
811 1289 878 1356 dixi
900 1290 942 1355 ad
965 1311 998 1374 p.
1018 1291 1149 1355 6391oss.

400 1415 432 1478 p.
458 1396 578 1457 96312ss
615 1389 666 1455 Τὰ
699 1389 762 1476 γὰρ
797 1386 961 1458 ἀντίθετά
994 1416 1029 1456 τε
1062 1393 1119 1456 καὶ
1151 1389 1291 1477 πάρισα
1318 1393 1377 1456 καὶ
1412 1391 1454 1455 τὰ

313 1493 538 1582 παραπλήσια
561 1491 693 1570 τούτοις
716 1489 791 1560 οάτε
814 1493 1036 1582 μετριάζοντα
1060 1490 1135 1562 οάτε
1158 1503 1264 1581 καιρῷ
1287 1495 1451 1580 γινόμενα

313 1596 529 1682 καταισχύνει
551 1595 611 1685 τὴν
632 1599 931 1685 μεγαλοπρέπειαν
953 1592 1065 1686 αὐτῆς.
1112 1599 1289 1684 Dionysius
1319 1599 1452 1684 scripsit

313 1697 390 1768 οάτε
412 1699 636 1786 μετριάζοντα
652 1695 722 1766 οὔτ’
741 1700 783 1767 ἐν
805 1708 938 1786 καιρῷ
961 1697 1134 1786 γενόμενος
1162 1701 1203 1766 of.
1229 1723 1262 1786 p.
1282 1705 1375 1768 56113
1403 1699 1450 1767 Τὸ

314 1805 376 1893 γὰρ
400 1801 444 1893 μὴ
468 1804 505 1870 ἐν
526 1811 632 1889 καιρῷ
654 1808 813 1890 γίνεσθαι
835 1797 915 1892 μηδ’
934 1801 971 1868 ἐν
993 1798 1063 1889 ὥρᾳ
1085 1808 1346 1888 προσίστασθαί
1362 1829 1450 1892 φημι

313 1922 387 1986 ταῖς
410 1903 538 1984 ἀκοαῖς.
587 1909 661 1973 7875
686 1903 761 1973 οὕτε
785 1906 847 1993 γὰρ
872 1900 1053 1992 ἀναγκαῖαί
1074 1931 1162 1984 τινες
1180 1901 1297 1974 αὐτῶν
1320 1903 1395 1974 οὔτ’
1415 1907 1452 1974 ἐν

313 2017 418 2096 καιρῷ
440 2007 625 2095 γινόμεναι.

399 2135 432 2200 p.
451 2117 557 2178 964⁷ss
582 2120 698 2178 Ταῦτα
721 2117 837 2196 μέντοι
858 2113 1011 2198 πολλαχῇ
1034 2118 1248 2198 μακροτέραν
1277 2139 1312 2180 τε
1344 2109 1452 2202 αὐτὴν

319 2220 373 2303 (se.
390 2215 451 2304 τὴν
469 2210 680 2302 Ἰσοκράτους
702 2217 801 2296 λέξιν)
829 2228 922 2281 ποιεῖ
944 2216 1001 2280 καὶ
1024 2209 1302 2303 άναλιγθεστέραν
1326 2211 1451 2306 άπαθῑγ

313 2344 348 2385 τε
378 2320 435 2384 καὶ
463 2320 580 2384 laouna
605 2323 728 2382 11-12
751 2319 813 2384 litt.
846 2317 1077 2406 πανηγυρικὴν
1109 2321 1240 2402 μᾶλλον
1273 2315 1293 2408 ἢ
1324 2318 1452 2407 ἐναγώ-

312 2447 388 2489 νιον
401 2423 444 2488 Μ.
491 2422 623 2487 Ηὶαίαια
650 2423 697 2488 ita
719 2424 932 2507 expleverim:
965 2417 1087 2510 ἀπαθῆ
1111 2447 1146 2488 τε
1169 2425 1226 2488 καὶ
1242 2420 1448 2512 (ἄψυχον,

314 2525 406 2615 καί)
429 2521 660 2613 πανηγυρικὴν
682 2527 811 2608 μᾶλλον
838 2521 859 2614 ἢ
882 2523 1072 2611 ἐναγώνιον,
1106 2529 1146 2593 ol.
1172 2549 1205 2612 p.
1226 2532 1339 2594 101212
1363 2524 1453 2594 ἀλλὰ

313 2627 380 2716 μὴν
410 2623 462 2694 ὅτι
483 2622 517 2713 γ’
537 2622 704 2712 άψυχός
735 2627 826 2694 ἐστιν
853 2623 872 2716 ἡ
900 2627 1072 2706 διάλεκτος
1095 2624 1200 2696 αὐτοῦ
1227 2632 1282 2713 (so.
1298 2625 1453 2717 Ἰσοκρά-

313 2736 400 2818 τους)
427 2733 485 2798 καὶ
507 2725 554 2798 οά
575 2729 794 2820 παθητικὴ
829 2781 835 2795 .
864 2783 871 2796 .
900 2782 907 2796 .
939 2731 1055 2815 οίομαι
1087 2781 1094 2796 .
1123 2784 1129 2797 .
1159 2783 1165 2796 .
1199 2727 1331 2800 άπασιν
1360 2730 1451 2801 εἶναι

314 2833 475 2923 φανερόν.
523 2839 613 2901 64315
636 2831 674 2901 τὸ
698 2842 764 2902 τῷν
785 2839 912 2901 παθῶν
934 2834 1100 2920 ἐ’μψυχον.

399 2962 432 3026 p.
456 2943 563 3006 oooos
589 2933 806 3027 Ἀλληγορίας
833 2963 868 3004 τε
899 2937 1140 3023 περιβάλλεται
1170 2939 1302 3018 πολλὰς
1331 2943 1451 3008 lacuna

317 3044 440 3108 10-13
455 3042 517 3108 litt.
544 3037 619 3108 οάτε
642 3047 765 3128 μέτρον
794 3039 937 3124 ἐχούσας
960 3037 1035 3108 οάτε
1058 3039 1178 3127 καιρόν
1200 3043 1244 3108 Μ.
1291 3045 1330 3110 In
1353 3045 1448 3130 epist.

313 3144 356 3211 ad
371 3145 430 3212 On.
449 3146 561 3229 Pomp.
583 3166 617 3229 p.
633 3148 709 3210 760⁸
731 3142 974 3230 περιβάλλεται
994 3143 1126 3229 μακρὰς
1148 3146 1205 3210 καὶ
1221 3144 1354 3223 πολλὰς
1369 3148 1446 3230 MR,

313 3249 354 3315 do
376 3267 440 3332 qua
461 3248 626 3314 vorborum
650 3248 857 3315 collocatione
879 3248 1115 3315 Herwordenus'
1144 3267 1202 3314 suo
1230 3249 1300 3316 iuro
1324 3251 1449 3317 dubitat

312 3351 393 3418 haeo
415 3349 571 3417 adnotans
593 3355 634 3435 [p.
653 3351 738 3434 27³):
766 3351 940 3430 „Usitotior
962 3351 1039 3418 ordo
1054 3352 1222 3418 vorborum
1245 3358 1297 3418 ost
1318 3350 1449 3430 πολλὰς

313 3456 370 3520 καὶ
391 3452 556 3539 μακράς.“
601 3454 670 3521 Ηοο
692 3456 732 3520 do
755 3475 818 3538 quo
841 3455 948 3540 agitur
969 3457 1039 3521 looo
1055 3475 1126 3521 oum
1142 3462 1228 3522 oerto
1243 3456 1445 3523 soribondum

314 3556 357 3622 sit
385 3555 515 3633 πολλὰς
537 3554 629 3644 (καί
656 3555 858 3646 μακρὰς),
884 3579 948 3624 non
976 3556 1096 3640 dubito,
1129 3558 1206 3641 quin
1229 3559 1342 3642 altero,
1377 3581 1444 3626 oum

313 3658 500 3742 praesertim
523 3679 564 3724 ex
584 3659 641 3724 illo
670 3659 823 3743 repetitus
853 3660 904 3742 sit,
937 3661 1106 3728 vorborum
1129 3660 1206 3727 ordo
1233 3660 1366 3747 μακρὰς
1392 3663 1442 3726 καί

314 3755 444 3834 πολλάς
465 3759 641 3825 scribarum
663 3760 817 3840 inoun'oo
842 3781 906 3827 non
927 3763 1084 3849 Dionysio
1106 3763 1295 3830 tn'buendus
1315 3753 1370 3830 'sio

398 3883 431 3946 p.
449 3864 555 3927 9709ss
581 3859 757 3949 Τοσαύτην
779 3861 965 3952 ἐκμηκάνας
994 3870 1204 3953 περίφρασιν
1227 3861 1354 3952 ὀλίγοις
1376 3877 1444 3942 τοῖς

313 3962 458 4048 ὀνόμασι
480 3962 669 4047 δυναμένου
690 3967 948 4056 περιληφθῆναι
962 3968 1161 4054 πράγματος
1177 3968 1442 4053 ἐπιλαμβάνεται

313 4076 371 4158 τῆς
394 4061 550 4152 ἀκαιρίας
572 4074 630 4155 τῆς
653 4061 754 4146 αὐτὸς
777 4065 881 4138 αὑτοῦ
902 4073 951 4138 M:
978 4067 1135 4158 ἀκαιρίας
1158 4066 1261 4150 αὐτὸς
1284 4068 1387 4140 αὑτοῦ
1399 4075 1439 4138 R.

314 4174 364 4238 Ex
378 4170 583 4238 Ambrosioni
603 4171 738 4239 lectione
761 4193 858 4242 sensu
878 4175 938 4242 illa
959 4176 1087 4259 quidem
1110 4175 1264 4243 destituta
1284 4177 1370 4244 faoili
1385 4195 1445 4242 no·

313 4275 398 4360 gotio
422 4273 495 4341 elioi
516 4293 614 4359 posse
636 4281 712 4358 puto
735 4274 1002 4360 ἐπιλαμβάνεται
1023 4285 1082 4366 τῆς
1105 4272 1262 4364 ἀκαιρίας
1288 4286 1354 4368 τῆς
1374 4271 1445 4344 σά-
