3250 5146
354 368 395 429 re
789 395 834 406 -
881 360 964 441 [rroj
1011 395 1055 405 .-

355 552 391 618 ἐν
411 559 457 616 τῶ
475 551 579 632 lopati
600 571 632 633 p.
654 550 761 626 rocla,
788 545 825 610 ἐν
839 552 886 608 τῶ
899 550 992 626 μέσα»
1014 546 1093 611 ibid.
1110 572 1135 626 s,
1161 553 1195 611 et
1215 568 1248 631 p.
1268 549 1365 612 tcccr
1391 568 1419 613 c.
1441 554 1493 635 38,

354 655 408 720 ubi
430 654 470 719 de
492 659 624 718 austera
648 649 814 714 harmonia
835 649 1012 732 Dionysius
1033 649 1132 715 verba
1162 649 1240 714 facit
1267 651 1410 734 plurima
1440 654 1496 720 ille

354 757 482 842 quidem
509 761 658 840 repetens
680 773 722 818 ex
743 753 824 818 hhro
846 751 888 816 de
909 771 938 816 e.
963 772 995 816 v.
1020 773 1054 836 p.
1075 757 1193 816 ttirrss
1216 773 1245 818 e.
1265 755 1316 834 22,
1350 754 1385 818 in
1409 777 1497 821 mar-

354 861 430 946 gine
452 865 560 926 exstat
590 851 608 923 ὁ
633 851 736 942 ἁδρός
764 876 810 920 se.
834 853 1019 940 χαρακτήρ.
1064 855 1155 921 Haec
1184 855 1261 938 quin
1291 876 1310 921 e
1337 857 1496 944 Dionysio

353 971 482 1049 sumpta
503 982 566 1027 non
590 961 669 1040 sint,
703 958 841 1023 dubitari
869 957 997 1038 neqnit;
1029 979 1106 1022 narn
1135 965 1317 1024 constanter
1339 960 1396 1025 ille
1419 963 1497 1027 sub-

353 1067 429 1132 lime
454 1064 583 1132 dicendi
615 1082 718 1147 genus
744 1062 888 1145 appellat
920 1054 1052 1145 impiis·
1080 1068 1291 1148 χαρακτῆρα,
1325 1084 1493 1146 nunquam

354 1163 469 1255 ἁδρόν.
510 1166 595 1244 Quid
610 1165 696 1249 quod
717 1165 752 1229 in
767 1165 914 1228 omnihus
929 1163 1079 1246 Dionysii
1100 1164 1228 1248 seriptis
1249 1163 1416 1231 rhetoricis
1433 1188 1496 1233 vox

354 1266 457 1356 ἁδρός
480 1271 580 1336 semel
602 1275 727 1333 tantum
750 1266 791 1332 de
813 1287 842 1331 e.
863 1287 896 1330 r.
921 1287 953 1350 p.
973 1269 1029 1329 itis
1051 1268 1210 1331 occurrit?
1245 1266 1296 1331 De
1318 1269 1412 1334 cuins
1434 1271 1494 1335 Ioci

353 1374 539 1458 Integritate
560 1369 647 1436 inira
664 1369 856 1436 videbimus.
896 1368 983 1446 Quid
1004 1368 1124 1451 igitur?
1159 1369 1255 1434 Forte
1277 1370 1407 1436 fortuna
1425 1372 1495 1437 sae-

354 1485 422 1544 tum
445 1482 504 1558 est,
530 1481 566 1540 ut
586 1474 620 1540 in
643 1473 801 1558 epitomae
824 1472 905 1537 libro
921 1470 1178 1536 Darmstadiensi
1200 1492 1232 1555 p.
1250 1472 1333 1536 XXI
1348 1476 1389 1537 28
1405 1475 1490 1540 Han.
1608 1507 1609 1534 r

355 1580 415 1645 hoc
437 1577 582 1644 scholion
604 1575 689 1642 diem
712 1576 826 1641 ferret:
854 1567 925 1638 ὅδὲ
941 1571 1163 1658 Πλούταρχος
1185 1570 1312 1656 τὸμὲν,
1340 1583 1400 1662 τῆς
1415 1599 1495 1642 συα-

354 1686 487 1757 aereos
503 1674 624 1767 ἁδρὸν·
649 1675 687 1744 τὸ
705 1678 752 1760 δὲ,
779 1674 913 1758 ἰσχνὸν·
938 1673 1041 1758 τὸδὲ,
1063 1681 1170 1758 μέσον
1183 1678 1289 1758 καλεῖ,
1316 1679 1404 1760 quod
1418 1681 1494 1763 quin
1608 1711 1609 1738 r

354 1786 387 1850 irr
410 1783 570 1868 epitomae
593 1780 769 1866 archetypo
792 1779 898 1859 inerit,
924 1779 1055 1844 dubium
1077 1800 1141 1844 non
1156 1787 1222 1857 est;
1248 1781 1292 1846 ei.
1310 1781 1493 1848 Hanovium

355 1908 387 1972 p.
402 1887 478 1952 1111.
519 1886 587 1951 Hoc
611 1883 754 1951 scholion
773 1882 860 1965 quod
881 1882 911 1947 ei
933 1882 996 1967 ipsi
1014 1882 1114 1967 capiti
1136 1882 1211 1946 libri
1233 1881 1274 1948 de
1297 1904 1327 1949 e.
1345 1905 1377 1948 v.
1395 1888 1436 1948 22
1450 1923 1493 1932 -

355 1989 430 2056 huic
446 1988 531 2056 enirn
546 1988 706 2073 epitomae
727 1988 817 2053 Iocus
838 1986 1013 2071 respondet
1035 2023 1077 2032 —
1098 1985 1258 2051 adiectum
1280 1993 1341 2067 est,
1368 2007 1410 2052 ex
1431 2009 1493 2071 quo

355 2091 531 2177 Dionysius
553 2092 653 2157 verba
676 2111 704 2156 c.
724 2093 764 2155 38
788 2090 830 2155 de
852 2091 945 2155 Dem‘.
971 2089 1116 2173 repetiit,
1149 2089 1194 2154 ad
1220 2090 1307 2172 qnod
1333 2101 1435 2175 eaput
1463 2101 1494 2158 et

355 2197 461 2282 ipsum
485 2188 623 2281 ὃᾶδρός
646 2192 842 2279 adscriptum
871 2212 944 2258 esse
972 2192 1130 2274 vidimus,
1162 2193 1253 2257 casui
1281 2195 1371 2258 nullo
1401 2195 1493 2260 modo

355 2297 452 2364 tribui
475 2304 596 2382 potest;
629 2296 726 2361 immo
748 2296 848 2361 verba
876 2295 981 2380 priore
1010 2295 1081 2360 loco
1103 2295 1235 2360 laudata
1265 2293 1302 2360 ἐν
1324 2303 1370 2359 τώ
1391 2291 1489 2383 eripio,

357 2400 393 2467 ἐν
423 2407 469 2464 τῶ
499 2399 615 2482 luxuri,
658 2396 694 2464 ἐν
723 2404 769 2461 τῶ
798 2402 890 2479 ptum
925 2396 1036 2462 eodem
1071 2397 1182 2462 ordine
1217 2397 1362 2463 exhibita
1397 2408 1491 2482 atque

354 2501 389 2569 in
412 2503 533 2570 scholio
563 2502 620 2568 illo
650 2500 797 2585 flagitant
826 2507 858 2566 et
880 2501 1039 2585 epitomae
1062 2499 1206 2565 scholion
1235 2506 1268 2565 et
1289 2501 1491 2568 Ambrosiani

355 2607 388 2674 in
418 2606 498 2672 libro
528 2606 568 2672 de
596 2603 813 2671 Demosthene
842 2611 935 2669 notas
963 2605 1005 2669 ab
1028 2603 1141 2670 eodem
1167 2603 1244 2668 olim
1270 2603 1398 2670 rhetore
1420 2626 1492 2690 pro-
1607 2657 1608 2680 ,

356 2711 440 2776 tecta
464 2729 547 2776 esse.
595 2708 745 2794 Epitoma
771 2714 879 2772 autem
907 2713 989 2787 tum,
1024 2727 1096 2772 eum
1124 2705 1232 2771 rhetor
1261 2707 1317 2772 iIIe
1346 2707 1488 2788 florebat,
1607 2749 1608 2762 .

355 2811 495 2878 nondum
519 2811 667 2879 contecta
688 2818 767 2876 erat.
814 2808 906 2891 Vide,
932 2810 1018 2876 unde
1040 2809 1100 2875 ho'e
1122 2809 1289 2875 efficiatur.
1338 2811 1387 2875 De
1410 2831 1438 2876 e.
1459 2833 1488 2876 v.

357 2937 389 3000 p.
408 2919 463 2980 29s
487 2913 649 2980 Plutarchi
679 2913 736 2980 ille
764 2920 902 2979 sectator
931 2913 973 2978 ad
1002 2906 1118 2998 ὑψηλά
1147 2912 1366 2997 adscripscrat
1388 2907 1488 3000 ἁδρά,

357 3036 439 3098 quae
461 3037 523 3083 vox
553 3015 670 3082 deinde
698 3016 731 3080 in
754 3016 902 3101 Dionysii
928 3017 1027 3082 verba
1055 3016 1141 3081 male
1169 3016 1293 3082 intrusa
1321 3023 1370 3082 est
1397 3018 1489 3100 (vide,

356 3139 439 3202 quae
464 3119 550 3186 intra
578 3119 711 3201 dicam).
757 3120 825 3184 Iarrr
851 3139 924 3185 cum
953 3119 1066 3184 eadem
1088 3119 1123 3183 in
1145 3119 1285 3203 epitoma
1307 3140 1340 3203 p.
1358 3121 1437 3186 VIII
1453 3125 1490 3185 23

356 3223 498 3306 legatur,
539 3222 682 3304 sequitur
715 3222 831 3288 librum
865 3222 904 3286 de
936 3243 964 3287 e.
998 3243 1028 3286 v.
1062 3229 1136 3306 post
1167 3222 1255 3287 illius
1288 3229 1428 3288 aetatem
1459 3225 1491 3288 in
1606 3199 1607 3214 ³

356 3324 534 3390 breviorem
567 3324 701 3388 formam
731 3324 895 3390 redactum
925 3344 1008 3390 esse.
1063 3324 1274 3390 Plutareheus
1306 3325 1406 3408 igitur
1438 3327 1492 3392 ille

357 3427 464 3494 rhetor
492 3426 633 3493 scholion
664 3424 705 3491 de
728 3448 790 3509 quo
820 3427 927 3510 agitur
953 3428 1107 3513 inplens
1135 3428 1323 3512 integroque
1346 3429 1492 3513 Dionysii
1604 3489 1605 3494 ,

357 3529 465 3595 codice
489 3528 661 3614 adscripsit
689 3529 787 3612 inque
810 3529 938 3613 eodem,
971 3551 1042 3596 eum
1065 3531 1184 3596 similia
1205 3530 1237 3594 in
1260 3531 1342 3596 libro
1364 3532 1405 3597 de
1429 3533 1492 3597 De-

357 3631 523 3700 mosthene
546 3641 754 3712 recurrerent,
780 3633 859 3700 Ioeis
883 3651 981 3717 supra
1003 3632 1143 3698 laudatis
1160 3630 1288 3698 easdem
1312 3634 1379 3699 fere
1402 3641 1491 3700 notas

357 3735 488 3802 adiecit.
534 3732 646 3800 Idem
675 3734 806 3818 igitur
833 3735 914 3800 fuit
944 3736 1070 3802 codex
1099 3757 1175 3818 quo
1204 3736 1313 3802 liber
1335 3736 1383 3802 de
1406 3758 1433 3803 c.
1459 3759 1487 3802 v.

358 3844 395 3904 et
417 3837 465 3904 de
488 3837 773 3904 Demosthenis
795 3838 978 3904 dictione
1000 3838 1197 3905 iudicium
1220 3838 1493 3906 contineban-
1605 3833 1606 3838 ’

358 3950 431 4006 tur.
479 3942 574 4008 Certo
596 3945 703 4007 autern
718 3960 768 4024 ea,
795 3961 877 4025 quse
893 3942 1124 4007 Ambrosianus
1146 3941 1287 4024 exhibet,
1312 3943 1347 4006 in
1369 3943 1425 4008 iilo
1442 3963 1494 4008 co-

359 4043 429 4110 dice
459 4043 598 4113 fuerunt.
645 4043 726 4110 Inde
749 4044 908 4127 sequitur,
940 4043 1016 4127 quia
1038 4044 1214 4110 Florentini
1240 4051 1272 4110 et
1293 4045 1493 4110 Ambrosiani

358 4146 443 4212 idem
466 4148 538 4216 fons
561 4153 627 4230 est,
660 4165 731 4214 eum
754 4147 860 4233 ipsum
883 4147 1042 4230 codicem,
1075 4168 1169 4231 quem
1191 4147 1284 4213 modo
1311 4149 1494 4214 enucleavi-

361 4270 441 4333 mus,
472 4253 636 4335 utriueque
659 4251 732 4318 libri
755 4251 965 4338 archetypum
995 4253 1108 4320 fuisse.
1154 4252 1224 4316 Iarn
1247 4271 1322 4318 vero
1344 4253 1492 4335 queniam
