3250 5146
577 437 621 446 -
669 402 751 484 μοι]
799 437 842 446 -

208 593 259 654 341
284 589 379 669 (7701)
408 581 495 652 οἱὶτιο
517 590 571 670 (1)
605 587 681 652 adn.
735 582 822 652 οἱίτω

147 694 201 772 tlt:
228 691 282 756 Sic
303 690 456 758 Reiskius
479 709 603 772 quoque
626 709 684 774 pro

142 795 272 876 vulgato
289 787 377 858 οὔτε.

207 897 393 980 3511(7725)
422 896 542 960 πλεῖον
736 896 843 962 πλέον

208 1025 232 1064 ιο
246 1000 357 1082 (77211)
379 997 416 1063 ἓν
428 997 591 1084 ἱστορίαις
602 1020 685 1082 γρα-
737 998 773 1064 ἐν
794 999 944 1085 ἱστορίας
959 1007 1089 1086 γραφῇ;
1123 999 1163 1065 ns.
1184 1001 1265 1065 ΑΒ

143 1109 217 1188 φῇς.
264 1104 305 1184 (5)
333 1103 484 1166 Fortasse
513 1101 684 1184 legendum
735 1103 768 1167 II
792 1105 832 1167 30
855 1124 887 1187 p.
909 1107 983 1168 151⁶
1006 1103 1143 1168 Kiessl.:
1171 1093 1217 1168 ὧν
1237 1099 1280 1170 ἄν
1382 1117 1389 1128 ·

143 1203 178 1270 ἐν
199 1203 351 1287 ἱστορίας
374 1211 501 1290 γραφῇ,
535 1205 588 1269 vel
612 1224 684 1270 eum
737 1229 787 1281 τις
810 1207 867 1270 καὶ
891 1203 1011 1290 λόγους
1034 1202 1215 1291 ποιήσαιτο
1242 1205 1280 1271 ἐν

141 1309 308 1391 Kruegero
336 1305 372 1372 ἐν
397 1306 580 1392 ἱστορικαῖς
603 1330 685 1392 μρα-
738 1307 889 1394 ἱστορίας
904 1315 1029 1395 γραφῇ.
1062 1307 1279 1374 Simil.X118

143 1423 234 1496 (μοῖς.
291 1410 398 1474 Minue
434 1411 557 1494 placet,
599 1410 684 1504 quod
736 1433 769 1495 p.
791 1413 891 1476 18211.

141 1617 196 1679 καὶ
211 1627 373 1700 γραφαῖς.
413 1617 451 1680 In
467 1637 501 1681 re
517 1616 685 1682 incertiore

140 1719 218 1783 nihil
233 1719 362 1782 novavi.

204 1823 371 1903 4111478οε)
386 1818 680 1906 παραλαμβάνειν.
735 1817 1018 1907 παραλαμβάνειν
1072 1840 1078 1851 ·

144 1927 183 2007 [4)
210 1945 231 1990 a
249 1924 420 2009 Sy'lburgio
443 1931 554 2007 gratus
575 1923 684 2008 accepi

140 2025 426 2113 παραλαμβάνειν
444 2047 501 2111 pro
517 2027 684 2112 περιλαμ-

139 2128 269 2212 βάνειν.

204 2237 275 2298 4211
298 2233 395 2316 (7881)
425 2231 605 2317 ψοφοδεῶς
622 2225 684 2298 αὖ·
736 2227 822 2296 ἀλλὰ
839 2232 1024 2318 ψοφοδεεῖς
1047 2235 1104 2298 καὶ
1123 2231 1201 2310 τοὺς
1220 2233 1281 2321 δι)-

139 2333 218 2412 τοὺς
245 2335 519 2422 δημηγοροῦντας
546 2336 603 2398 καὶ
630 2332 684 2398 ἒλ-
735 2343 966 2427 μημοροῦντας
983 2338 1200 2402 καταλείπειν
1219 2333 1281 2412 τὰς

138 2440 322 2514 λείποντας
338 2435 511 2520 δυνάμεως
527 2433 612 2500 κατὰ
624 2433 684 2512 τὰς
736 2436 894 2519 δυνάμεις
914 2440 971 2502 καὶ
987 2436 1046 2515 τὰς
1063 2443 1281 2525 προαιρέσεις

137 2546 358 2627 προαιρέσεις
380 2535 505 2622 ὁμοίιος
529 2533 684 2616 ἅπαντας
735 2535 874 2622 ὁμοίους
891 2535 1046 2617 ἅπαντας
1061 2553 1165 2607 ποιεῖ.
1195 2542 1280 2608 Ante

30 2717 31 2722 ἵ
137 2656 234 2708 ποιεῖ
248 2643 357 2710 Herw.
377 2643 600 2710 eeonieotura.
735 2640 795 2718 τὰς
822 2641 980 2726 δυνάμεις
1008 2644 1135 2710 videtur
1163 2646 1281 2711 lacuna

736 2745 908 2811 statuenda
923 2767 1005 2813 esse.

204 2850 407 2934 43111(78313)
447 2850 503 2914 καὶ
534 2845 596 2934 γὰρ
627 2850 684 2913 καὶ
735 2849 792 2912 καὶ
811 2845 873 2934 γὰρ
891 2847 1001 2916 ἐθνῶν
1020 2849 1151 2936 εἴρηκεν
1174 2849 1280 2914 οἰκισ·

137 2952 252 3018 ἐθνῶν
267 2951 398 3038 ε’ίρρκεν
415 2949 587 3033 οἰκισμούς
735 2949 819 3033 μούς

204 3061 258 3120 441
281 3057 377 3140 (7841)
398 3052 546 3130 πολλοὺς
568 3055 604 3120 δὲ
626 3052 684 3121 νό-
736 3051 884 3130 πολλοὺς
916 3054 952 3118 δὲ
981 3052 1106 3138 νόμους
1135 3049 1279 3121 ἀκοῦσαι

136 3183 224 3241 μους
241 3153 426 3244 οἱκριβῶσαι
442 3159 499 3222 καὶ
519 3161 558 3241 (1)
584 3160 684 3223 πολι·
736 3159 884 3221 πολιτῶν
907 3181 941 3222 τε
970 3159 1001 3240 (ἱ.
1023 3159 1203 3224 πολιτειῶν
1229 3163 1273 3242 τε)

137 3269 236 3327 τειῶν
272 3259 438 3348 σχήματα.
493 3264 532 3344 (1)
558 3257 684 3343 νόμους
737 3257 890 3347 σχήματα

137 3360 284 3430 ἀκοῦσαι
314 3365 393 3428 πολ.
434 3365 548 3447 codd.,
588 3385 683 3446 quarn

135 3468 324 3548 lectionem,
356 3468 431 3550 quia
453 3488 556 3549 neque
583 3461 684 3532 ἀκοῦ-
760 3456 770 3472 ”

137 3595 199 3636 σαι
227 3571 302 3636 ferri
338 3591 443 3652 neque
473 3574 531 3633 καί
567 3571 683 3634 abesse

137 3679 257 3759 potest,
277 3673 317 3738 de
330 3673 512 3738 coniectura
522 3693 597 3737 mea
611 3693 682 3736 nru-

135 3777 217 3843 tavi.

225 3979 285 4044 Hie
315 3979 503 4064 praemissis
525 3979 684 4062 quodnam
714 3979 747 4044 in
769 3977 829 4045 hoo
857 3979 966 4044 libello
989 3978 1156 4044 eonsilium
1187 3999 1280 4044 seeu-

136 4093 191 4148 tue
214 4083 284 4162 eim,
311 4083 423 4167 pauoie
439 4082 676 4166 explicandum.
717 4081 873 4159 Quattuor
888 4089 980 4148 erunt
1003 4081 1118 4166 capita,
1146 4102 1277 4164 quorum

137 4187 242 4272 primo
265 4185 305 4250 de
329 4186 512 4250 Florentino
543 4193 575 4250 et
596 4185 807 4250 Ambrosiano
830 4185 876 4249 ita
898 4206 1004 4268 agam,
1040 4191 1074 4250 ut
1103 4205 1208 4268 pauca
1237 4183 1277 4249 de

139 4290 265 4354 ratione
288 4288 372 4353 inter
395 4287 454 4353 hos
475 4289 553 4352 (tuos
575 4288 702 4354 codices
724 4286 942 4353 intercedente
965 4288 1129 4371 praefatus
1152 4287 1278 4352 codices

1054 4410 1068 4459 2
