<?xml version="1.0" encoding="UTF-8"?>
<!DOCTYPE html PUBLIC "-//W3C//DTD XHTML 1.0 Transitional//EN"
    "http://www.w3.org/TR/xhtml1/DTD/xhtml1-transitional.dtd">
<html xmlns="http://www.w3.org/1999/xhtml" xml:lang="en" lang="en">
 <head>
  <title>
</title>
<meta http-equiv="Content-Type" content="text/html;charset=utf-8" />
  <meta name='ocr-system' content='tesseract 3.04.00' />
  <meta name='ocr-capabilities' content='ocr_page ocr_carea ocr_par ocr_line ocrx_word'/>
</head>
<body>
  <div class='ocr_page' id='page_1' title='image "./dedionysiihalic00sadgoog_0182.png"; bbox 0 0 3182 5136; ppageno 0'>
   <div class='ocr_carea' id='block_1_1' title="bbox 587 334 1290 415">
    <p class='ocr_par' dir='ltr' id='par_1_1' title="bbox 587 334 1290 415">
     <span class='ocr_line' id='line_1_1' title="bbox 587 334 1290 415; baseline 0 -19"><span class='ocrx_word' id='word_1_1' title='bbox 587 369 631 380; x_wconf 91' lang='grc'>-</span> <span class='ocrx_word' id='word_1_2' title='bbox 678 334 763 415; x_wconf 70' lang='grc' dir='ltr'><strong>μοι]</strong></span> <span class='ocrx_word' id='word_1_3' title='bbox 811 368 854 379; x_wconf 90' lang='grc'>-</span> <span class='ocrx_word' id='word_1_4' title='bbox 1231 336 1290 397; x_wconf 82' lang='grc' dir='ltr'><strong>ιιι</strong></span> 
     </span>
    </p>
   </div>
   <div class='ocr_carea' id='block_1_2' title="bbox 137 519 1303 3081">
    <p class='ocr_par' dir='ltr' id='par_1_2' title="bbox 137 519 1303 3081">
     <span class='ocr_line' id='line_1_2' title="bbox 149 519 1293 606; baseline 0.002 -20"><span class='ocrx_word' id='word_1_5' title='bbox 149 521 314 606; x_wconf 77' lang='lat' dir='ltr'>praesenti</span> <span class='ocrx_word' id='word_1_6' title='bbox 343 521 443 588; x_wconf 86' lang='lat' dir='ltr'><strong>aetati</strong></span> <span class='ocrx_word' id='word_1_7' title='bbox 466 519 604 604; x_wconf 87' lang='lat' dir='ltr'><strong>gratiam</strong></span> <span class='ocrx_word' id='word_1_8' title='bbox 633 520 745 603; x_wconf 86' lang='lat' dir='ltr'><strong>habet,</strong></span> <span class='ocrx_word' id='word_1_9' title='bbox 778 521 863 604; x_wconf 93' lang='lat' dir='ltr'><strong>quod</strong></span> <span class='ocrx_word' id='word_1_10' title='bbox 885 540 937 587; x_wconf 84' lang='lat' dir='ltr'><strong>reu</strong></span> <span class='ocrx_word' id='word_1_11' title='bbox 959 527 1061 588; x_wconf 87' lang='lat' dir='ltr'><strong>mutet</strong></span> <span class='ocrx_word' id='word_1_12' title='bbox 1081 521 1293 606; x_wconf 77' lang='lat' dir='ltr'><strong>melioresque</strong></span> 
     </span>
     <span class='ocr_line' id='line_1_3' title="bbox 150 617 1294 711; baseline -0.002 -21"><span class='ocrx_word' id='word_1_13' title='bbox 150 621 266 690; x_wconf 86' lang='lat' dir='ltr'><strong>reddat</strong></span> <span class='ocrx_word' id='word_1_14' title='bbox 283 623 323 708; x_wconf 85' lang='lat' dir='ltr'><strong>(p.</strong></span> <span class='ocrx_word' id='word_1_15' title='bbox 335 626 428 688; x_wconf 77' lang='grc'><strong>44914</strong></span> <span class='ocrx_word' id='word_1_16' title='bbox 443 621 482 688; x_wconf 87' lang='grc' dir='ltr'><strong>τὸ</strong></span> <span class='ocrx_word' id='word_1_17' title='bbox 498 623 561 706; x_wconf 79' lang='grc' dir='ltr'><strong>μὲν</strong></span> <span class='ocrx_word' id='word_1_18' title='bbox 577 617 788 710; x_wconf 71' lang='grc' dir='ltr'><em>εὐχαριστεῖν</em></span> <span class='ocrx_word' id='word_1_19' title='bbox 802 630 849 707; x_wconf 84' lang='grc' dir='ltr'><strong>τῷ</strong></span> <span class='ocrx_word' id='word_1_20' title='bbox 864 620 1111 706; x_wconf 77' lang='grc' dir='ltr'><strong><em>μεταβάλλοντι</em></strong></span> <span class='ocrx_word' id='word_1_21' title='bbox 1126 622 1167 688; x_wconf 85' lang='grc' dir='ltr'><strong>τὰ</strong></span> <span class='ocrx_word' id='word_1_22' title='bbox 1182 621 1294 711; x_wconf 83' lang='grc' dir='ltr'><em>πράγ-</em></span> 
     </span>
     <span class='ocr_line' id='line_1_4' title="bbox 151 722 1293 812; baseline 0.007 -24"><span class='ocrx_word' id='word_1_23' title='bbox 151 749 243 808; x_wconf 88' lang='grc' dir='ltr'><em>ματα</em></span> <span class='ocrx_word' id='word_1_24' title='bbox 265 722 407 810; x_wconf 82' lang='grc' dir='ltr'><em>χρόνῳ);</em></span> <span class='ocrx_word' id='word_1_25' title='bbox 441 745 481 792; x_wconf 88' lang='lat' dir='ltr'><strong>ea</strong></span> <span class='ocrx_word' id='word_1_26' title='bbox 509 725 669 810; x_wconf 82' lang='lat' dir='ltr'>capitibus</span> <span class='ocrx_word' id='word_1_27' title='bbox 690 727 706 792; x_wconf 98' lang='lat' dir='ltr'>I</span> <span class='ocrx_word' id='word_1_28' title='bbox 729 733 762 792; x_wconf 87' lang='lat' dir='ltr'><strong>et</strong></span> <span class='ocrx_word' id='word_1_29' title='bbox 783 727 815 792; x_wconf 94' lang='lat' dir='ltr'><strong>Il</strong></span> <span class='ocrx_word' id='word_1_30' title='bbox 845 727 1132 812; x_wconf 81' lang='lat' dir='ltr'><strong>comprehenditur.</strong></span> <span class='ocrx_word' id='word_1_31' title='bbox 1180 729 1293 796; x_wconf 91' lang='lat' dir='ltr'><strong>Altera</strong></span> 
     </span>
     <span class='ocr_line' id='line_1_5' title="bbox 150 828 1295 914; baseline 0.002 -19"><span class='ocrx_word' id='word_1_32' title='bbox 150 829 179 896; x_wconf 89' lang='lat' dir='ltr'><strong>ei</strong></span> <span class='ocrx_word' id='word_1_33' title='bbox 202 829 387 912; x_wconf 85' lang='lat' dir='ltr'><strong>laudantur,</strong></span> <span class='ocrx_word' id='word_1_34' title='bbox 422 828 477 912; x_wconf 90' lang='lat' dir='ltr'><strong>qui</strong></span> <span class='ocrx_word' id='word_1_35' title='bbox 506 828 617 894; x_wconf 87' lang='lat' dir='ltr'><strong>dedita</strong></span> <span class='ocrx_word' id='word_1_36' title='bbox 647 849 744 914; x_wconf 88' lang='lat' dir='ltr'><strong>opera</strong></span> <span class='ocrx_word' id='word_1_37' title='bbox 772 829 805 896; x_wconf 95' lang='lat' dir='ltr'><strong>in</strong></span> <span class='ocrx_word' id='word_1_38' title='bbox 828 829 951 896; x_wconf 82' lang='lat' dir='ltr'><strong>litterar</strong></span> <span class='ocrx_word' id='word_1_39' title='bbox 981 830 1151 914; x_wconf 79' lang='lat' dir='ltr'><strong>studiaque</strong></span> <span class='ocrx_word' id='word_1_40' title='bbox 1178 830 1295 897; x_wconf 91' lang='lat' dir='ltr'><strong>huma-</strong></span> 
     </span>
     <span class='ocr_line' id='line_1_6' title="bbox 149 929 1295 1020; baseline 0.005 -24"><span class='ocrx_word' id='word_1_41' title='bbox 149 931 240 998; x_wconf 85' lang='lat' dir='ltr'><strong>niora</strong></span> <span class='ocrx_word' id='word_1_42' title='bbox 262 932 450 998; x_wconf 78' lang='lat' dir='ltr'><strong>incumbant</strong></span> <span class='ocrx_word' id='word_1_43' title='bbox 475 932 518 1017; x_wconf 88' lang='lat' dir='ltr'><strong>(p.</strong></span> <span class='ocrx_word' id='word_1_44' title='bbox 537 936 628 997; x_wconf 75' lang='grc'><strong>44915</strong></span> <span class='ocrx_word' id='word_1_45' title='bbox 651 929 689 997; x_wconf 88' lang='grc' dir='ltr'><strong>τὸ</strong></span> <span class='ocrx_word' id='word_1_46' title='bbox 713 930 792 1010; x_wconf 83' lang='grc' dir='ltr'><em>τοὺς</em></span> <span class='ocrx_word' id='word_1_47' title='bbox 814 931 856 996; x_wconf 90' lang='grc' dir='ltr'><strong>τὰ</strong></span> <span class='ocrx_word' id='word_1_48' title='bbox 878 931 1040 1019; x_wconf 88' lang='grc' dir='ltr'><em>κράτιστα</em></span> <span class='ocrx_word' id='word_1_49' title='bbox 1063 939 1295 1020; x_wconf 81' lang='grc' dir='ltr'><em>προαιρουμέ-</em></span> 
     </span>
     <span class='ocr_line' id='line_1_7' title="bbox 149 1033 1293 1123; baseline 0.003 -23"><span class='ocrx_word' id='word_1_50' title='bbox 149 1058 230 1111; x_wconf 85' lang='grc' dir='ltr'><em>νους</em></span> <span class='ocrx_word' id='word_1_51' title='bbox 254 1033 439 1119; x_wconf 82' lang='grc' dir='ltr'><em>ἐπαινεῖν);</em></span> <span class='ocrx_word' id='word_1_52' title='bbox 465 1035 546 1102; x_wconf 88' lang='lat' dir='ltr'><strong>haec</strong></span> <span class='ocrx_word' id='word_1_53' title='bbox 568 1036 676 1102; x_wconf 90' lang='lat' dir='ltr'><strong>finitur</strong></span> <span class='ocrx_word' id='word_1_54' title='bbox 697 1057 730 1121; x_wconf 89' lang='lat' dir='ltr'><strong>p.</strong></span> <span class='ocrx_word' id='word_1_55' title='bbox 749 1040 838 1102; x_wconf 89' lang='grc'><strong>4499.</strong></span> <span class='ocrx_word' id='word_1_56' title='bbox 881 1037 991 1104; x_wconf 86' lang='lat' dir='ltr'><strong>Tertia</strong></span> <span class='ocrx_word' id='word_1_57' title='bbox 1012 1043 1143 1123; x_wconf 88' lang='lat' dir='ltr'><strong>propter</strong></span> <span class='ocrx_word' id='word_1_58' title='bbox 1166 1037 1293 1106; x_wconf 83' lang='lat' dir='ltr'><strong>felicem</strong></span> 
     </span>
     <span class='ocr_line' id='line_1_8' title="bbox 150 1134 1294 1225; baseline 0.002 -21"><span class='ocrx_word' id='word_1_59' title='bbox 150 1138 352 1221; x_wconf 76' lang='lat' dir='ltr'><strong>celeremque</strong></span> <span class='ocrx_word' id='word_1_60' title='bbox 381 1158 527 1205; x_wconf 86' lang='lat' dir='ltr'><strong>verorum</strong></span> <span class='ocrx_word' id='word_1_61' title='bbox 561 1134 736 1204; x_wconf 75' lang='lat' dir='ltr'><strong>studioru&#39;m</strong></span> <span class='ocrx_word' id='word_1_62' title='bbox 765 1158 969 1225; x_wconf 80' lang='lat' dir='ltr'><strong>progressum</strong></span> <span class='ocrx_word' id='word_1_63' title='bbox 1001 1159 1092 1225; x_wconf 83' lang='lat' dir='ltr'><strong>spem</strong></span> <span class='ocrx_word' id='word_1_64' title='bbox 1126 1140 1294 1225; x_wconf 88' lang='lat' dir='ltr'><strong>profitetur</strong></span> 
     </span>
     <span class='ocr_line' id='line_1_9' title="bbox 150 1228 1293 1325; baseline 0.003 -18"><span class='ocrx_word' id='word_1_65' title='bbox 150 1240 218 1308; x_wconf 83' lang='lat' dir='ltr'><strong>fore</strong></span> <span class='ocrx_word' id='word_1_66' title='bbox 235 1247 271 1306; x_wconf 92' lang='lat' dir='ltr'><strong>ut</strong></span> <span class='ocrx_word' id='word_1_67' title='bbox 285 1241 408 1306; x_wconf 82' lang='lat' dir='ltr'><strong>Asiana</strong></span> <span class='ocrx_word' id='word_1_68' title='bbox 429 1228 489 1307; x_wconf 85' lang='lat' dir='ltr'><strong>illa¹</strong></span> <span class='ocrx_word' id='word_1_69' title='bbox 502 1243 684 1325; x_wconf 88' lang='lat' dir='ltr'><strong>eloquentia</strong></span> <span class='ocrx_word' id='word_1_70' title='bbox 704 1263 768 1308; x_wconf 93' lang='lat' dir='ltr'><strong>non</strong></span> <span class='ocrx_word' id='word_1_71' title='bbox 784 1242 902 1308; x_wconf 85' lang='lat' dir='ltr'><strong>diutius</strong></span> <span class='ocrx_word' id='word_1_72' title='bbox 917 1263 1012 1325; x_wconf 94' lang='lat' dir='ltr'><strong>quam</strong></span> <span class='ocrx_word' id='word_1_73' title='bbox 1035 1263 1133 1310; x_wconf 90' lang='lat' dir='ltr'><strong>unam</strong></span> <span class='ocrx_word' id='word_1_74' title='bbox 1155 1250 1293 1310; x_wconf 86' lang='lat' dir='ltr'><strong>aetatem</strong></span> 
     </span>
     <span class='ocr_line' id='line_1_10' title="bbox 152 1341 1290 1431; baseline 0.002 -21"><span class='ocrx_word' id='word_1_75' title='bbox 152 1345 245 1411; x_wconf 87' lang='lat' dir='ltr'><strong>duret</strong></span> <span class='ocrx_word' id='word_1_76' title='bbox 273 1345 314 1430; x_wconf 87' lang='lat' dir='ltr'><strong>(p.</strong></span> <span class='ocrx_word' id='word_1_77' title='bbox 330 1348 423 1410; x_wconf 76' lang='grc'><strong>44919</strong></span> <span class='ocrx_word' id='word_1_78' title='bbox 446 1341 484 1410; x_wconf 89' lang='grc' dir='ltr'><strong>τὸ</strong></span> <span class='ocrx_word' id='word_1_79' title='bbox 508 1341 550 1410; x_wconf 86' lang='grc' dir='ltr'><strong>τὰ</strong></span> <span class='ocrx_word' id='word_1_80' title='bbox 572 1346 740 1428; x_wconf 86' lang='grc' dir='ltr'><em>μέλλοντα</em></span> <span class='ocrx_word' id='word_1_81' title='bbox 763 1343 799 1410; x_wconf 77' lang='grc' dir='ltr'><strong>ἐκ</strong></span> <span class='ocrx_word' id='word_1_82' title='bbox 822 1352 888 1412; x_wconf 81' lang='grc' dir='ltr'><strong>τῶν</strong></span> <span class='ocrx_word' id='word_1_83' title='bbox 909 1344 1098 1431; x_wconf 71' lang='grc' dir='ltr'><em>γεγονότων</em></span> <span class='ocrx_word' id='word_1_84' title='bbox 1119 1344 1290 1430; x_wconf 84' lang='grc' dir='ltr'><em>εἰκάζειν).</em></span> 
     </span>
     <span class='ocr_line' id='line_1_11' title="bbox 151 1448 1294 1534; baseline 0.003 -19"><span class='ocrx_word' id='word_1_85' title='bbox 151 1448 270 1515; x_wconf 84' lang='lat' dir='ltr'><strong>Paucis</strong></span> <span class='ocrx_word' id='word_1_86' title='bbox 301 1449 440 1516; x_wconf 81' lang='lat' dir='ltr'><strong>absolvit</strong></span> <span class='ocrx_word' id='word_1_87' title='bbox 469 1448 552 1514; x_wconf 87' lang='lat' dir='ltr'><strong>hanc</strong></span> <span class='ocrx_word' id='word_1_88' title='bbox 575 1455 698 1534; x_wconf 88' lang='lat' dir='ltr'><strong>partem</strong></span> <span class='ocrx_word' id='word_1_89' title='bbox 727 1470 760 1533; x_wconf 92' lang='lat' dir='ltr'><strong>p.</strong></span> <span class='ocrx_word' id='word_1_90' title='bbox 779 1452 915 1516; x_wconf 80' lang='grc'><strong>4499-99.</strong></span> <span class='ocrx_word' id='word_1_91' title='bbox 963 1451 1071 1516; x_wconf 87' lang='lat' dir='ltr'><strong>Verba</strong></span> <span class='ocrx_word' id='word_1_92' title='bbox 1096 1450 1195 1534; x_wconf 88' lang='lat' dir='ltr'><strong>igitur</strong></span> <span class='ocrx_word' id='word_1_93' title='bbox 1216 1449 1294 1528; x_wconf 82' lang='grc' dir='ltr'><em>τοὺς</em></span> 
     </span>
     <span class='ocr_line' id='line_1_12' title="bbox 154 1546 1291 1640; baseline 0.003 -23"><span class='ocrx_word' id='word_1_94' title='bbox 154 1553 502 1638; x_wconf 80' lang='grc' dir='ltr'><em>συμφιλοσοφοῦντας</em></span> <span class='ocrx_word' id='word_1_95' title='bbox 532 1546 749 1640; x_wconf 73' lang='grc' dir='ltr'><em>ἀνθρώπους,</em></span> <span class='ocrx_word' id='word_1_96' title='bbox 780 1553 809 1618; x_wconf 83' lang='lat' dir='ltr'><strong>oi</strong></span> <span class='ocrx_word' id='word_1_97' title='bbox 839 1553 967 1636; x_wconf 88' lang='lat' dir='ltr'><strong>quidem</strong></span> <span class='ocrx_word' id='word_1_98' title='bbox 997 1554 1139 1637; x_wconf 84' lang='lat' dir='ltr'><strong>genuina</strong></span> <span class='ocrx_word' id='word_1_99' title='bbox 1172 1561 1291 1634; x_wconf 80' lang='lat' dir='ltr'><strong>essent,</strong></span> 
     </span>
     <span class='ocr_line' id='line_1_13' title="bbox 153 1656 1295 1740; baseline 0.004 -20"><span class='ocrx_word' id='word_1_100' title='bbox 153 1656 187 1720; x_wconf 92' lang='lat' dir='ltr'><strong>in</strong></span> <span class='ocrx_word' id='word_1_101' title='bbox 219 1656 323 1721; x_wconf 87' lang='lat' dir='ltr'><strong>altera</strong></span> <span class='ocrx_word' id='word_1_102' title='bbox 355 1662 447 1740; x_wconf 88' lang='lat' dir='ltr'><strong>parte</strong></span> <span class='ocrx_word' id='word_1_103' title='bbox 481 1662 609 1723; x_wconf 79' lang='lat' dir='ltr'><strong>exstare</strong></span> <span class='ocrx_word' id='word_1_104' title='bbox 641 1656 728 1722; x_wconf 91' lang='lat' dir='ltr'><strong>omni</strong></span> <span class='ocrx_word' id='word_1_105' title='bbox 761 1656 855 1722; x_wconf 91' lang='lat' dir='ltr'><strong>modo</strong></span> <span class='ocrx_word' id='word_1_106' title='bbox 888 1656 1066 1726; x_wconf 88' lang='lat' dir='ltr'><strong>debebant:</strong></span> <span class='ocrx_word' id='word_1_107' title='bbox 1101 1678 1187 1724; x_wconf 90' lang='lat' dir='ltr'><strong>nune</strong></span> <span class='ocrx_word' id='word_1_108' title='bbox 1218 1679 1295 1725; x_wconf 88' lang='lat' dir='ltr'><strong>vcro</strong></span> 
     </span>
     <span class='ocr_line' id='line_1_14' title="bbox 151 1759 1294 1846; baseline 0.002 -22"><span class='ocrx_word' id='word_1_109' title='bbox 151 1759 222 1844; x_wconf 82' lang='lat' dir='ltr'><strong>ipre</strong></span> <span class='ocrx_word' id='word_1_110' title='bbox 244 1759 334 1824; x_wconf 85' lang='lat' dir='ltr'><strong>loeue</strong></span> <span class='ocrx_word' id='word_1_111' title='bbox 357 1779 418 1842; x_wconf 93' lang='lat' dir='ltr'><strong>quo</strong></span> <span class='ocrx_word' id='word_1_112' title='bbox 440 1759 591 1842; x_wconf 83' lang='lat' dir='ltr'><strong>leguntur</strong></span> <span class='ocrx_word' id='word_1_113' title='bbox 614 1759 724 1844; x_wconf 86' lang='lat' dir='ltr'><strong>spuria</strong></span> <span class='ocrx_word' id='word_1_114' title='bbox 746 1779 786 1824; x_wconf 88' lang='lat' dir='ltr'><strong>ea</strong></span> <span class='ocrx_word' id='word_1_115' title='bbox 808 1779 881 1827; x_wconf 84' lang='lat' dir='ltr'><strong>esse</strong></span> <span class='ocrx_word' id='word_1_116' title='bbox 903 1760 1019 1843; x_wconf 83' lang='lat' dir='ltr'><strong>arguit.</strong></span> <span class='ocrx_word' id='word_1_117' title='bbox 1066 1760 1157 1826; x_wconf 88' lang='lat' dir='ltr'><strong>Idem</strong></span> <span class='ocrx_word' id='word_1_118' title='bbox 1178 1761 1294 1846; x_wconf 87' lang='lat' dir='ltr'><strong>capitis</strong></span> 
     </span>
     <span class='ocr_line' id='line_1_15' title="bbox 137 1857 1291 1948; baseline 0.001 -21"><span class='ocrx_word' id='word_1_119' title='bbox 137 1861 287 1928; x_wconf 55' lang='lat' dir='ltr'><strong>&#39;secundi</strong></span> <span class='ocrx_word' id='word_1_120' title='bbox 310 1861 450 1927; x_wconf 85' lang='lat' dir='ltr'><strong>ineuntis</strong></span> <span class='ocrx_word' id='word_1_121' title='bbox 474 1861 709 1927; x_wconf 89' lang='lat' dir='ltr'><strong>enuntiatorum</strong></span> <span class='ocrx_word' id='word_1_122' title='bbox 738 1863 819 1928; x_wconf 90' lang='lat' dir='ltr'><strong>ratio</strong></span> <span class='ocrx_word' id='word_1_123' title='bbox 841 1863 972 1948; x_wconf 90' lang='lat' dir='ltr'><strong>probat:</strong></span> <span class='ocrx_word' id='word_1_124' title='bbox 1005 1882 1088 1929; x_wconf 82' lang='lat' dir='ltr'><strong>vero.</strong></span> <span class='ocrx_word' id='word_1_125' title='bbox 1110 1887 1136 1929; x_wconf 81' lang='lat' dir='ltr'><strong>ro</strong></span> <span class='ocrx_word' id='word_1_126' title='bbox 1166 1857 1291 1928; x_wconf 70' lang='lat' dir='ltr'><strong>drud&#39;</strong></span> 
     </span>
     <span class='ocr_line' id='line_1_16' title="bbox 152 1958 1303 2055; baseline 0.003 -26"><span class='ocrx_word' id='word_1_127' title='bbox 152 1958 240 2053; x_wconf 79' lang='grc' dir='ltr'><em>ἡμᾶς</em></span> <span class='ocrx_word' id='word_1_128' title='bbox 261 1961 384 2052; x_wconf 83' lang='grc' dir='ltr'><em>χρόνος</em></span> <span class='ocrx_word' id='word_1_129' title='bbox 409 2014 416 2027; x_wconf 97' lang='grc'><em>.</em></span> <span class='ocrx_word' id='word_1_130' title='bbox 438 2015 444 2028; x_wconf 94' lang='grc'><em>.</em></span> <span class='ocrx_word' id='word_1_131' title='bbox 467 2013 474 2028; x_wconf 90' lang='grc'><em>.</em></span> <span class='ocrx_word' id='word_1_132' title='bbox 501 1959 656 2031; x_wconf 78' lang='grc' dir='ltr'><em>ἀντέδωκε</em></span> <span class='ocrx_word' id='word_1_133' title='bbox 679 1971 718 2050; x_wconf 82' lang='grc' dir='ltr'><strong>τῇ</strong></span> <span class='ocrx_word' id='word_1_134' title='bbox 740 1965 803 2048; x_wconf 82' lang='grc' dir='ltr'><strong>μὲν</strong></span> <span class='ocrx_word' id='word_1_135' title='bbox 826 1959 951 2052; x_wconf 78' lang='grc' dir='ltr'><em>ἀρχαίᾳ</em></span> <span class='ocrx_word' id='word_1_136' title='bbox 980 1967 1036 2030; x_wconf 83' lang='grc' dir='ltr'><strong>καὶ</strong></span> <span class='ocrx_word' id='word_1_137' title='bbox 1061 1963 1213 2053; x_wconf 79' lang='grc' dir='ltr'><em>σώφρονι</em></span> <span class='ocrx_word' id='word_1_138' title='bbox 1236 1968 1303 2055; x_wconf 81' lang='grc' dir='ltr'><strong><em>ῥη-·</em></strong></span> 
     </span>
     <span class='ocr_line' id='line_1_17' title="bbox 153 2063 1296 2156; baseline 0.003 -24"><span class='ocrx_word' id='word_1_139' title='bbox 153 2075 268 2155; x_wconf 80' lang='grc' dir='ltr'><em>τορικῇ</em></span> <span class='ocrx_word' id='word_1_140' title='bbox 291 2063 352 2154; x_wconf 79' lang='grc' dir='ltr'><strong>τὴν</strong></span> <span class='ocrx_word' id='word_1_141' title='bbox 375 2067 511 2134; x_wconf 83' lang='grc' dir='ltr'><em>ἀικαέαν</em></span> <span class='ocrx_word' id='word_1_142' title='bbox 532 2066 632 2155; x_wconf 79' lang='grc' dir='ltr'><em>τιμὴν</em></span> <span class='ocrx_word' id='word_1_143' title='bbox 654 2065 695 2155; x_wconf 78' lang='grc' dir='ltr'><strong>ἢν</strong></span> <span class='ocrx_word' id='word_1_144' title='bbox 717 2069 774 2133; x_wconf 86' lang='grc' dir='ltr'><strong>καὶ</strong></span> <span class='ocrx_word' id='word_1_145' title='bbox 795 2066 965 2156; x_wconf 88' lang='grc' dir='ltr'><em>πρότερον</em></span> <span class='ocrx_word' id='word_1_146' title='bbox 984 2063 1052 2150; x_wconf 82' lang='grc' dir='ltr'><em>εἶχε</em></span> <span class='ocrx_word' id='word_1_147' title='bbox 1076 2071 1184 2146; x_wconf 82' lang='grc' dir='ltr'><em>καλῶς</em></span> <span class='ocrx_word' id='word_1_148' title='bbox 1208 2063 1296 2135; x_wconf 91' lang='grc' dir='ltr'><em>ἀπο-</em></span> 
     </span>
     <span class='ocr_line' id='line_1_18' title="bbox 153 2166 1296 2261; baseline 0.003 -25"><span class='ocrx_word' id='word_1_149' title='bbox 153 2173 286 2255; x_wconf 84' lang='grc' dir='ltr'><em>λαβεῖν·</em></span> <span class='ocrx_word' id='word_1_150' title='bbox 313 2177 352 2256; x_wconf 83' lang='grc' dir='ltr'><strong>τῇ</strong></span> <span class='ocrx_word' id='word_1_151' title='bbox 375 2171 412 2236; x_wconf 81' lang='grc' dir='ltr'><strong>ἀὲ</strong></span> <span class='ocrx_word' id='word_1_152' title='bbox 434 2175 496 2256; x_wconf 82' lang='grc' dir='ltr'><strong>νέᾳ</strong></span> <span class='ocrx_word' id='word_1_153' title='bbox 518 2171 575 2235; x_wconf 80' lang='grc' dir='ltr'><strong>καὶ</strong></span> <span class='ocrx_word' id='word_1_154' title='bbox 599 2166 730 2258; x_wconf 83' lang='grc' dir='ltr'><em>ἀνοήτῳ</em></span> <span class='ocrx_word' id='word_1_155' title='bbox 753 2170 960 2237; x_wconf 71' lang='grc' dir='ltr'><em>παύσασθαι</em></span> <span class='ocrx_word' id='word_1_156' title='bbox 983 2170 1087 2252; x_wconf 79' lang='grc' dir='ltr'><em>δόξαν</em></span> <span class='ocrx_word' id='word_1_157' title='bbox 1110 2167 1150 2239; x_wconf 84' lang='grc' dir='ltr'><em>οά</em></span> <span class='ocrx_word' id='word_1_158' title='bbox 1165 2172 1296 2261; x_wconf 79' lang='grc' dir='ltr'><em>προσή-</em></span> 
     </span>
     <span class='ocr_line' id='line_1_19' title="bbox 153 2261 1292 2363; baseline 0.003 -23"><span class='ocrx_word' id='word_1_159' title='bbox 153 2296 281 2342; x_wconf 88' lang='grc' dir='ltr'><em>κουσαν</em></span> <span class='ocrx_word' id='word_1_160' title='bbox 309 2279 528 2361; x_wconf 77' lang='grc' dir='ltr'><em>καρπουμένῃ</em></span> <span class='ocrx_word' id='word_1_161' title='bbox 560 2275 618 2340; x_wconf 81' lang='grc' dir='ltr'><strong>καὶ</strong></span> <span class='ocrx_word' id='word_1_162' title='bbox 648 2271 684 2341; x_wconf 76' lang='grc' dir='ltr'><strong>ἐν</strong></span> <span class='ocrx_word' id='word_1_163' title='bbox 720 2261 910 2362; x_wconf 81' lang='grc' dir='ltr'><em>ἀλλοτρίοις</em></span> <span class='ocrx_word' id='word_1_164' title='bbox 945 2269 1091 2361; x_wconf 73' lang='grc' dir='ltr'><em>ἀγαθοῖς</em></span> <span class='ocrx_word' id='word_1_165' title='bbox 1120 2275 1292 2363; x_wconf 82' lang='grc' dir='ltr'><em>τρυφώσῃ.</em></span> 
     </span>
     <span class='ocr_line' id='line_1_20' title="bbox 153 2372 1295 2467; baseline 0.003 -23"><span class='ocrx_word' id='word_1_166' title='bbox 153 2380 210 2444; x_wconf 85' lang='grc' dir='ltr'><strong>καλ</strong></span> <span class='ocrx_word' id='word_1_167' title='bbox 239 2373 280 2444; x_wconf 84' lang='grc' dir='ltr'><em>οά</em></span> <span class='ocrx_word' id='word_1_168' title='bbox 308 2372 395 2443; x_wconf 73' lang='grc' dir='ltr'><em>καθ’</em></span> <span class='ocrx_word' id='word_1_169' title='bbox 427 2379 465 2444; x_wconf 77' lang='grc' dir='ltr'><strong>ἓν</strong></span> <span class='ocrx_word' id='word_1_170' title='bbox 491 2377 575 2455; x_wconf 83' lang='grc' dir='ltr'><em>ἰ’σως</em></span> <span class='ocrx_word' id='word_1_171' title='bbox 604 2385 703 2444; x_wconf 80' lang='grc' dir='ltr'><em>τοῦτο</em></span> <span class='ocrx_word' id='word_1_172' title='bbox 732 2375 839 2462; x_wconf 87' lang='grc' dir='ltr'><em>μόνον</em></span> <span class='ocrx_word' id='word_1_173' title='bbox 868 2377 1023 2445; x_wconf 79' lang='grc' dir='ltr'><em>ἐπαινεῖν</em></span> <span class='ocrx_word' id='word_1_174' title='bbox 1051 2378 1111 2445; x_wconf 87' lang='grc' dir='ltr'><strong>τὸν</strong></span> <span class='ocrx_word' id='word_1_175' title='bbox 1137 2377 1295 2467; x_wconf 86' lang='grc' dir='ltr'><em>παρόντα</em></span> 
     </span>
     <span class='ocr_line' id='line_1_21' title="bbox 151 2476 1291 2569; baseline 0.003 -22"><span class='ocrx_word' id='word_1_176' title='bbox 151 2479 277 2569; x_wconf 89' lang='grc' dir='ltr'><em>χρόνον</em></span> <span class='ocrx_word' id='word_1_177' title='bbox 302 2531 336 2546; x_wconf 89' lang='grc'><strong>..</strong></span> <span class='ocrx_word' id='word_1_178' title='bbox 360 2530 366 2544; x_wconf 93' lang='grc'><em>.</em></span> <span class='ocrx_word' id='word_1_179' title='bbox 393 2476 499 2560; x_wconf 84' lang='grc' dir='ltr'><em>ἀξιον.</em></span> <span class='ocrx_word' id='word_1_180' title='bbox 546 2481 635 2548; x_wconf 87' lang='lat' dir='ltr'><strong>Nihil</strong></span> <span class='ocrx_word' id='word_1_181' title='bbox 657 2501 754 2567; x_wconf 78' lang='lat' dir='ltr'><strong>posse</strong></span> <span class='ocrx_word' id='word_1_182' title='bbox 777 2481 906 2547; x_wconf 91' lang='lat' dir='ltr'><strong>omnino</strong></span> <span class='ocrx_word' id='word_1_183' title='bbox 936 2488 1104 2567; x_wconf 86' lang='lat' dir='ltr'><strong>praeterea</strong></span> <span class='ocrx_word' id='word_1_184' title='bbox 1125 2483 1202 2549; x_wconf 89' lang='lat' dir='ltr'><strong>addi</strong></span> <span class='ocrx_word' id='word_1_185' title='bbox 1224 2491 1291 2569; x_wconf 82' lang='lat' dir='ltr'><strong>aut,</strong></span> 
     </span>
     <span class='ocr_line' id='line_1_22' title="bbox 154 2583 1294 2670; baseline 0.001 -19"><span class='ocrx_word' id='word_1_186' title='bbox 154 2585 181 2651; x_wconf 85' lang='lat' dir='ltr'><strong>si</strong></span> <span class='ocrx_word' id='word_1_187' title='bbox 211 2584 290 2668; x_wconf 92' lang='lat' dir='ltr'><strong>quid</strong></span> <span class='ocrx_word' id='word_1_188' title='bbox 322 2583 383 2650; x_wconf 92' lang='lat' dir='ltr'><strong>hoc</strong></span> <span class='ocrx_word' id='word_1_189' title='bbox 415 2585 486 2650; x_wconf 91' lang='lat' dir='ltr'><strong>loco</strong></span> <span class='ocrx_word' id='word_1_190' title='bbox 515 2583 670 2666; x_wconf 87' lang='lat' dir='ltr'><strong>addatur,</strong></span> <span class='ocrx_word' id='word_1_191' title='bbox 703 2591 771 2650; x_wconf 89' lang='lat' dir='ltr'><strong>tum</strong></span> <span class='ocrx_word' id='word_1_192' title='bbox 801 2585 907 2670; x_wconf 88' lang='lat' dir='ltr'><strong>priore</strong></span> <span class='ocrx_word' id='word_1_193' title='bbox 936 2605 1062 2669; x_wconf 88' lang='lat' dir='ltr'><strong>quoque</strong></span> <span class='ocrx_word' id='word_1_194' title='bbox 1089 2585 1294 2652; x_wconf 88' lang='lat' dir='ltr'><strong>adiciendum</strong></span> 
     </span>
     <span class='ocr_line' id='line_1_23' title="bbox 154 2685 1296 2772; baseline 0.001 -18"><span class='ocrx_word' id='word_1_195' title='bbox 154 2687 258 2772; x_wconf 83' lang='lat' dir='ltr'><strong>quivis</strong></span> <span class='ocrx_word' id='word_1_196' title='bbox 283 2686 394 2772; x_wconf 91' lang='lat' dir='ltr'><strong>opinor</strong></span> <span class='ocrx_word' id='word_1_197' title='bbox 417 2687 513 2754; x_wconf 85' lang='lat' dir='ltr'><strong>facile</strong></span> <span class='ocrx_word' id='word_1_198' title='bbox 536 2685 701 2754; x_wconf 86' lang='lat' dir='ltr'><strong>concedet.</strong></span> <span class='ocrx_word' id='word_1_199' title='bbox 741 2689 909 2754; x_wconf 82' lang='lat' dir='ltr'><strong>Tollamus</strong></span> <span class='ocrx_word' id='word_1_200' title='bbox 931 2688 1030 2772; x_wconf 82' lang='lat' dir='ltr'><strong>igitur</strong></span> <span class='ocrx_word' id='word_1_201' title='bbox 1051 2689 1220 2754; x_wconf 89' lang='lat' dir='ltr'><strong>verborum</strong></span> <span class='ocrx_word' id='word_1_202' title='bbox 1235 2687 1296 2755; x_wconf 84' lang='grc' dir='ltr'><strong>τὸν</strong></span> 
     </span>
     <span class='ocr_line' id='line_1_24' title="bbox 154 2787 1296 2879; baseline 0.002 -23"><span class='ocrx_word' id='word_1_203' title='bbox 154 2788 310 2876; x_wconf 87' lang='grc' dir='ltr'><em>παρόντα</em></span> <span class='ocrx_word' id='word_1_204' title='bbox 331 2787 456 2877; x_wconf 86' lang='grc' dir='ltr'><em>χρόνον</em></span> <span class='ocrx_word' id='word_1_205' title='bbox 477 2790 622 2876; x_wconf 86' lang='lat' dir='ltr'><strong>ineptum</strong></span> <span class='ocrx_word' id='word_1_206' title='bbox 644 2791 962 2875; x_wconf 82' lang='lat' dir='ltr'><strong>interpretamentum</strong></span> <span class='ocrx_word' id='word_1_207' title='bbox 985 2788 1063 2868; x_wconf 83' lang='grc' dir='ltr'><em>τοὺς</em></span> <span class='ocrx_word' id='word_1_208' title='bbox 1084 2793 1296 2879; x_wconf 84' lang='grc' dir='ltr'><em>συμφιλοσο-</em></span> 
     </span>
     <span class='ocr_line' id='line_1_25' title="bbox 156 2887 1294 2979; baseline 0.003 -20"><span class='ocrx_word' id='word_1_209' title='bbox 156 2900 307 2979; x_wconf 80' lang='grc' dir='ltr'><em>φοῦντας</em></span> <span class='ocrx_word' id='word_1_210' title='bbox 330 2887 548 2978; x_wconf 76' lang='grc' dir='ltr'><em>ἀνθρώπους.</em></span> <span class='ocrx_word' id='word_1_211' title='bbox 596 2893 665 2956; x_wconf 81' lang='grc' dir='ltr'><strong>Καὶ</strong></span> <span class='ocrx_word' id='word_1_212' title='bbox 687 2899 794 2959; x_wconf 88' lang='lat' dir='ltr'><strong>autem</strong></span> <span class='ocrx_word' id='word_1_213' title='bbox 824 2894 993 2978; x_wconf 88' lang='lat' dir='ltr'><strong>particula,</strong></span> <span class='ocrx_word' id='word_1_214' title='bbox 1025 2901 1061 2959; x_wconf 91' lang='lat' dir='ltr'><strong>ut</strong></span> <span class='ocrx_word' id='word_1_215' title='bbox 1086 2895 1152 2960; x_wconf 87' lang='lat' dir='ltr'><strong>fere</strong></span> <span class='ocrx_word' id='word_1_216' title='bbox 1175 2896 1220 2978; x_wconf 82' lang='lat' dir='ltr'><strong>fit,</strong></span> <span class='ocrx_word' id='word_1_217' title='bbox 1253 2896 1294 2962; x_wconf 89' lang='lat' dir='ltr'><strong>ab</strong></span> 
     </span>
     <span class='ocr_line' id='line_1_26' title="bbox 155 2995 1058 3081; baseline -0.004 -19"><span class='ocrx_word' id='word_1_218' title='bbox 155 3017 203 3077; x_wconf 85' lang='lat' dir='ltr'><strong>eo,</strong></span> <span class='ocrx_word' id='word_1_219' title='bbox 229 2996 284 3079; x_wconf 93' lang='lat' dir='ltr'><strong>qui</strong></span> <span class='ocrx_word' id='word_1_220' title='bbox 306 2996 364 3062; x_wconf 91' lang='lat' dir='ltr'><strong>illa</strong></span> <span class='ocrx_word' id='word_1_221' title='bbox 386 2997 485 3062; x_wconf 85' lang='lat' dir='ltr'><strong>verba</strong></span> <span class='ocrx_word' id='word_1_222' title='bbox 506 2996 540 3060; x_wconf 93' lang='lat' dir='ltr'><strong>in</strong></span> <span class='ocrx_word' id='word_1_223' title='bbox 562 3002 684 3062; x_wconf 88' lang='lat' dir='ltr'><strong>textum</strong></span> <span class='ocrx_word' id='word_1_224' title='bbox 707 2997 839 3081; x_wconf 87' lang='lat' dir='ltr'><strong>recepit,</strong></span> <span class='ocrx_word' id='word_1_225' title='bbox 865 2995 976 3062; x_wconf 87' lang='lat' dir='ltr'><strong>addita</strong></span> <span class='ocrx_word' id='word_1_226' title='bbox 998 3004 1058 3062; x_wconf 88' lang='lat' dir='ltr'><strong>est.</strong></span> 
     </span>
    </p>
   </div>
   <div class='ocr_carea' id='block_1_3' title="bbox 154 3195 1317 4403">
    <p class='ocr_par' dir='ltr' id='par_1_3' title="bbox 154 3195 1317 4403">
     <span class='ocr_line' id='line_1_27' title="bbox 155 3195 1296 3290; baseline 0.001 -24"><span class='ocrx_word' id='word_1_227' title='bbox 155 3207 268 3288; x_wconf 81' lang='grc' dir='ltr'><em>γραφῇ</em></span> <span class='ocrx_word' id='word_1_228' title='bbox 291 3199 422 3288; x_wconf 85' lang='grc' dir='ltr'><em>πολλὴν</em></span> <span class='ocrx_word' id='word_1_229' title='bbox 446 3198 584 3288; x_wconf 82' lang='grc' dir='ltr'><em>ζήτησιν</em></span> <span class='ocrx_word' id='word_1_230' title='bbox 606 3196 717 3268; x_wconf 81' lang='grc' dir='ltr'><em>αὐτῶν</em></span> <span class='ocrx_word' id='word_1_231' title='bbox 738 3200 981 3288; x_wconf 75' lang='grc' dir='ltr'><em>ποιησάμενος.</em></span> <span class='ocrx_word' id='word_1_232' title='bbox 1022 3196 1062 3267; x_wconf 80' lang='grc' dir='ltr'><strong>οὐ</strong></span> <span class='ocrx_word' id='word_1_233' title='bbox 1083 3202 1147 3286; x_wconf 82' lang='grc' dir='ltr'><strong>μέν</strong></span> <span class='ocrx_word' id='word_1_234' title='bbox 1164 3195 1203 3290; x_wconf 77' lang='grc' dir='ltr'><strong>δὴ</strong></span> <span class='ocrx_word' id='word_1_235' title='bbox 1220 3203 1296 3268; x_wconf 84' lang='grc' dir='ltr'><em>δια-</em></span> 
     </span>
     <span class='ocr_line' id='line_1_28' title="bbox 154 3299 1296 3392; baseline 0.002 -22"><span class='ocrx_word' id='word_1_236' title='bbox 154 3307 360 3387; x_wconf 77' lang='grc' dir='ltr'><em>βεβαιοῦμαί</em></span> <span class='ocrx_word' id='word_1_237' title='bbox 381 3327 418 3388; x_wconf 91' lang='grc' dir='ltr'><em>γε</em></span> <span class='ocrx_word' id='word_1_238' title='bbox 441 3299 485 3381; x_wconf 88' lang='grc' dir='ltr'><strong>ὡς</strong></span> <span class='ocrx_word' id='word_1_239' title='bbox 508 3300 547 3391; x_wconf 80' lang='grc' dir='ltr'><strong>δὴ</strong></span> <span class='ocrx_word' id='word_1_240' title='bbox 571 3305 628 3368; x_wconf 81' lang='grc' dir='ltr'><strong>καλ</strong></span> <span class='ocrx_word' id='word_1_241' title='bbox 651 3311 769 3391; x_wconf 85' lang='grc' dir='ltr'><em>σαφῶς</em></span> <span class='ocrx_word' id='word_1_242' title='bbox 792 3301 899 3381; x_wconf 78' lang='grc' dir='ltr'><em>εἰδώς.</em></span> <span class='ocrx_word' id='word_1_243' title='bbox 947 3304 1027 3371; x_wconf 71' lang='lat' dir='ltr'><strong>Mic</strong></span> <span class='ocrx_word' id='word_1_244' title='bbox 1055 3302 1095 3392; x_wconf 82' lang='grc' dir='ltr'><strong>δή</strong></span> <span class='ocrx_word' id='word_1_245' title='bbox 1121 3326 1186 3370; x_wconf 90' lang='lat' dir='ltr'><strong>non</strong></span> <span class='ocrx_word' id='word_1_246' title='bbox 1209 3313 1296 3373; x_wconf 85' lang='lat' dir='ltr'><strong>recte</strong></span> 
     </span>
     <span class='ocr_line' id='line_1_29' title="bbox 155 3406 1297 3495; baseline 0.004 -23"><span class='ocrx_word' id='word_1_247' title='bbox 155 3409 289 3492; x_wconf 89' lang='lat' dir='ltr'><strong>legitur;</strong></span> <span class='ocrx_word' id='word_1_248' title='bbox 323 3428 399 3472; x_wconf 92' lang='lat' dir='ltr'><strong>nam</strong></span> <span class='ocrx_word' id='word_1_249' title='bbox 421 3414 646 3493; x_wconf 84' lang='lat' dir='ltr'><strong>praeterquam</strong></span> <span class='ocrx_word' id='word_1_250' title='bbox 674 3407 759 3492; x_wconf 91' lang='lat' dir='ltr'><strong>quod</strong></span> <span class='ocrx_word' id='word_1_251' title='bbox 789 3408 908 3474; x_wconf 83' lang='lat' dir='ltr'><strong>locutio</strong></span> <span class='ocrx_word' id='word_1_252' title='bbox 938 3407 1002 3490; x_wconf 82' lang='grc' dir='ltr'><strong>μὲν</strong></span> <span class='ocrx_word' id='word_1_253' title='bbox 1029 3406 1069 3495; x_wconf 79' lang='grc' dir='ltr'><strong>δὴ</strong></span> <span class='ocrx_word' id='word_1_254' title='bbox 1094 3445 1132 3458; x_wconf 90' lang='grc'>-</span> <span class='ocrx_word' id='word_1_255' title='bbox 1157 3431 1194 3493; x_wconf 87' lang='grc' dir='ltr'><em>γε</em></span> <span class='ocrx_word' id='word_1_256' title='bbox 1216 3429 1297 3476; x_wconf 80' lang='lat' dir='ltr'><strong>nns-</strong></span> 
     </span>
     <span class='ocr_line' id='line_1_30' title="bbox 155 3510 1296 3596; baseline 0.002 -18"><span class='ocrx_word' id='word_1_257' title='bbox 155 3531 250 3594; x_wconf 88' lang='lat' dir='ltr'><strong>quam</strong></span> <span class='ocrx_word' id='word_1_258' title='bbox 272 3510 337 3578; x_wconf 85' lang='lat' dir='ltr'><strong>nisi</strong></span> <span class='ocrx_word' id='word_1_259' title='bbox 358 3511 420 3576; x_wconf 87' lang='lat' dir='ltr'><strong>hoe</strong></span> <span class='ocrx_word' id='word_1_260' title='bbox 442 3532 506 3576; x_wconf 93' lang='lat' dir='ltr'><strong>uno</strong></span> <span class='ocrx_word' id='word_1_261' title='bbox 528 3511 599 3578; x_wconf 89' lang='lat' dir='ltr'><strong>loeo</strong></span> <span class='ocrx_word' id='word_1_262' title='bbox 622 3511 769 3594; x_wconf 83' lang='lat' dir='ltr'><strong>occurrit,</strong></span> <span class='ocrx_word' id='word_1_263' title='bbox 795 3531 859 3576; x_wconf 91' lang='lat' dir='ltr'><strong>non</strong></span> <span class='ocrx_word' id='word_1_264' title='bbox 881 3518 949 3577; x_wconf 89' lang='lat' dir='ltr'><strong>tam</strong></span> <span class='ocrx_word' id='word_1_265' title='bbox 971 3511 1178 3578; x_wconf 86' lang='lat' dir='ltr'><strong>consecutiva</strong></span> <span class='ocrx_word' id='word_1_266' title='bbox 1198 3533 1296 3596; x_wconf 91' lang='lat' dir='ltr'><strong>quam</strong></span> 
     </span>
     <span class='ocr_line' id='line_1_31' title="bbox 154 3613 1296 3699; baseline 0.001 -18"><span class='ocrx_word' id='word_1_267' title='bbox 154 3613 371 3698; x_wconf 83' lang='lat' dir='ltr'><strong>restringendi</strong></span> <span class='ocrx_word' id='word_1_268' title='bbox 392 3614 554 3682; x_wconf 90' lang='lat' dir='ltr'><strong>notionem</strong></span> <span class='ocrx_word' id='word_1_269' title='bbox 574 3614 740 3680; x_wconf 81' lang='lat' dir='ltr'><strong>continens</strong></span> <span class='ocrx_word' id='word_1_270' title='bbox 755 3614 916 3699; x_wconf 88' lang='lat' dir='ltr'><strong>particula</strong></span> <span class='ocrx_word' id='word_1_271' title='bbox 931 3613 1143 3680; x_wconf 84' lang='lat' dir='ltr'><strong>desideratur.</strong></span> <span class='ocrx_word' id='word_1_272' title='bbox 1183 3615 1296 3699; x_wconf 91' lang='lat' dir='ltr'><strong>Itaque</strong></span> 
     </span>
     <span class='ocr_line' id='line_1_32' title="bbox 157 3710 1298 3804; baseline 0.001 -21"><span class='ocrx_word' id='word_1_273' title='bbox 157 3718 279 3784; x_wconf 83' lang='lat' dir='ltr'><strong>scribo:</strong></span> <span class='ocrx_word' id='word_1_274' title='bbox 313 3710 354 3782; x_wconf 80' lang='grc' dir='ltr'><strong>οὐ</strong></span> <span class='ocrx_word' id='word_1_275' title='bbox 375 3721 525 3800; x_wconf 89' lang='grc' dir='ltr'><em>μέντοι</em></span> <span class='ocrx_word' id='word_1_276' title='bbox 553 3717 817 3800; x_wconf 76' lang='grc' dir='ltr'><em>διαβεβαιοῦμαί</em></span> <span class='ocrx_word' id='word_1_277' title='bbox 839 3741 875 3802; x_wconf 92' lang='grc' dir='ltr'><em>γε</em></span> <span class='ocrx_word' id='word_1_278' title='bbox 899 3711 943 3794; x_wconf 84' lang='grc' dir='ltr'><strong>ὡς</strong></span> <span class='ocrx_word' id='word_1_279' title='bbox 966 3715 1005 3802; x_wconf 68' lang='lat' dir='ltr'><strong>&lt;lp</strong></span> <span class='ocrx_word' id='word_1_280' title='bbox 1027 3719 1086 3782; x_wconf 82' lang='grc' dir='ltr'><strong>καὶ</strong></span> <span class='ocrx_word' id='word_1_281' title='bbox 1109 3726 1227 3804; x_wconf 82' lang='grc' dir='ltr'><em>σαφῶς</em></span> <span class='ocrx_word' id='word_1_282' title='bbox 1249 3718 1298 3785; x_wconf 82' lang='grc' dir='ltr'><em>εἰ·</em></span> 
     </span>
     <span class='ocr_line' id='line_1_33' title="bbox 157 3811 1296 3908; baseline 0.002 -23"><span class='ocrx_word' id='word_1_283' title='bbox 157 3818 228 3904; x_wconf 83' lang='grc' dir='ltr'><em>ἀώς,</em></span> <span class='ocrx_word' id='word_1_284' title='bbox 256 3821 295 3886; x_wconf 88' lang='lat' dir='ltr'><strong>el.</strong></span> <span class='ocrx_word' id='word_1_285' title='bbox 322 3842 355 3906; x_wconf 92' lang='lat' dir='ltr'><strong>p.</strong></span> <span class='ocrx_word' id='word_1_286' title='bbox 375 3823 454 3886; x_wconf 91' lang='grc'><strong>4649</strong></span> <span class='ocrx_word' id='word_1_287' title='bbox 477 3814 517 3886; x_wconf 71' lang='lat' dir='ltr'><strong>ori</strong></span> <span class='ocrx_word' id='word_1_288' title='bbox 539 3825 657 3903; x_wconf 90' lang='grc' dir='ltr'><em>μέντοι</em></span> <span class='ocrx_word' id='word_1_289' title='bbox 679 3820 941 3903; x_wconf 72' lang='grc' dir='ltr'><em>διαβεβαιοῦμαί</em></span> <span class='ocrx_word' id='word_1_290' title='bbox 970 3844 1006 3906; x_wconf 87' lang='grc' dir='ltr'><em>γε</em></span> <span class='ocrx_word' id='word_1_291' title='bbox 1030 3815 1196 3906; x_wconf 83' lang='grc' dir='ltr'><em>ὁπότερος</em></span> <span class='ocrx_word' id='word_1_292' title='bbox 1218 3811 1296 3908; x_wconf 79' lang='grc' dir='ltr'><em>ἦρξε</em></span> 
     </span>
     <span class='ocr_line' id='line_1_34' title="bbox 157 3917 1296 4012; baseline 0.004 -25"><span class='ocrx_word' id='word_1_293' title='bbox 157 3931 213 4012; x_wconf 76' lang='grc' dir='ltr'><strong>τῆς</strong></span> <span class='ocrx_word' id='word_1_294' title='bbox 248 3917 368 4010; x_wconf 78' lang='grc' dir='ltr'><em>ἀρετῆς</em></span> <span class='ocrx_word' id='word_1_295' title='bbox 397 3920 520 4011; x_wconf 81' lang='grc' dir='ltr'><em>ταύτης</em></span> <span class='ocrx_word' id='word_1_296' title='bbox 542 3921 629 3988; x_wconf 85' lang='grc' dir='ltr'><em>κατὰ</em></span> <span class='ocrx_word' id='word_1_297' title='bbox 658 3922 696 3990; x_wconf 89' lang='grc' dir='ltr'><strong>τὸ</strong></span> <span class='ocrx_word' id='word_1_298' title='bbox 726 3920 853 4010; x_wconf 87' lang='grc' dir='ltr'><em>παρόν.</em></span> <span class='ocrx_word' id='word_1_299' title='bbox 899 3923 975 3990; x_wconf 89' lang='lat' dir='ltr'><strong>Alia</strong></span> <span class='ocrx_word' id='word_1_300' title='bbox 1003 3923 1099 3990; x_wconf 86' lang='lat' dir='ltr'><strong>huius</strong></span> <span class='ocrx_word' id='word_1_301' title='bbox 1127 3924 1296 3992; x_wconf 81' lang='lat' dir='ltr'><strong>locutionis</strong></span> 
     </span>
     <span class='ocr_line' id='line_1_35' title="bbox 158 4021 1297 4114; baseline 0 -22"><span class='ocrx_word' id='word_1_302' title='bbox 158 4029 305 4112; x_wconf 85' lang='lat' dir='ltr'><strong>exempla</strong></span> <span class='ocrx_word' id='word_1_303' title='bbox 326 4027 428 4094; x_wconf 81' lang='lat' dir='ltr'><strong>haben</strong></span> <span class='ocrx_word' id='word_1_304' title='bbox 450 4027 547 4094; x_wconf 85' lang='lat' dir='ltr'><strong>haee:</strong></span> <span class='ocrx_word' id='word_1_305' title='bbox 578 4049 612 4112; x_wconf 93' lang='lat' dir='ltr'><strong>p.</strong></span> <span class='ocrx_word' id='word_1_306' title='bbox 635 4031 709 4094; x_wconf 89' lang='grc'><strong>1969</strong></span> <span class='ocrx_word' id='word_1_307' title='bbox 733 4021 773 4092; x_wconf 89' lang='grc' dir='ltr'><em>οά</em></span> <span class='ocrx_word' id='word_1_308' title='bbox 795 4031 912 4109; x_wconf 88' lang='grc' dir='ltr'><em>μέντοι</em></span> <span class='ocrx_word' id='word_1_309' title='bbox 942 4024 1107 4114; x_wconf 79' lang='grc' dir='ltr'><em>προσήκει</em></span> <span class='ocrx_word' id='word_1_310' title='bbox 1135 4021 1169 4112; x_wconf 83' lang='grc' dir='ltr'><strong>γ’</strong></span> <span class='ocrx_word' id='word_1_311' title='bbox 1195 4025 1297 4109; x_wconf 80' lang='grc' dir='ltr'><em>’έμμε-</em></span> 
     </span>
     <span class='ocr_line' id='line_1_36' title="bbox 158 4123 1317 4218; baseline -0.005 -24"><span class='ocrx_word' id='word_1_312' title='bbox 158 4153 235 4216; x_wconf 93' lang='grc' dir='ltr'><em>τρον</em></span> <span class='ocrx_word' id='word_1_313' title='bbox 251 4125 324 4196; x_wconf 77' lang='grc' dir='ltr'><em>οὐδ’</em></span> <span class='ocrx_word' id='word_1_314' title='bbox 343 4129 518 4216; x_wconf 71' lang='grc' dir='ltr'><em>ἔρρυθμον</em></span> <span class='ocrx_word' id='word_1_315' title='bbox 534 4124 640 4218; x_wconf 79' lang='grc' dir='ltr'><em>αὐτὴν</em></span> <span class='ocrx_word' id='word_1_316' title='bbox 661 4124 751 4196; x_wconf 80' lang='grc' dir='ltr'><em>εἶναι</em></span> <span class='ocrx_word' id='word_1_317' title='bbox 768 4131 891 4196; x_wconf 78' lang='grc' dir='ltr'><em>δοκεῖν.</em></span> <span class='ocrx_word' id='word_1_318' title='bbox 928 4132 1004 4195; x_wconf 82' lang='grc'><strong>5843</strong></span> <span class='ocrx_word' id='word_1_319' title='bbox 1022 4123 1062 4196; x_wconf 80' lang='grc' dir='ltr'><strong>οὐ</strong></span> <span class='ocrx_word' id='word_1_320' title='bbox 1076 4134 1192 4212; x_wconf 87' lang='grc' dir='ltr'><em>μέντοι</em></span> <span class='ocrx_word' id='word_1_321' title='bbox 1207 4151 1317 4195; x_wconf 87' lang='grc' dir='ltr'><em>παν-.</em></span> 
     </span>
     <span class='ocr_line' id='line_1_37' title="bbox 159 4225 1297 4320; baseline 0.001 -25"><span class='ocrx_word' id='word_1_322' title='bbox 159 4230 287 4298; x_wconf 86' lang='grc' dir='ltr'><em>τάπαοί</em></span> <span class='ocrx_word' id='word_1_323' title='bbox 309 4256 346 4318; x_wconf 90' lang='grc' dir='ltr'><em>γε</em></span> <span class='ocrx_word' id='word_1_324' title='bbox 370 4231 430 4320; x_wconf 81' lang='grc' dir='ltr'><strong>τὴν</strong></span> <span class='ocrx_word' id='word_1_325' title='bbox 440 4227 666 4320; x_wconf 83' lang='grc' dir='ltr'><em>Ἰσοκράτειον</em></span> <span class='ocrx_word' id='word_1_326' title='bbox 682 4228 815 4320; x_wconf 77' lang='grc' dir='ltr'><em>ἀγωγὴν</em></span> <span class='ocrx_word' id='word_1_327' title='bbox 831 4231 1020 4318; x_wconf 76' lang='grc' dir='ltr'><em>ἐκβέβηκεν.</em></span> <span class='ocrx_word' id='word_1_328' title='bbox 1062 4235 1138 4296; x_wconf 75' lang='lat' dir='ltr'><strong>erec</strong></span> <span class='ocrx_word' id='word_1_329' title='bbox 1162 4225 1202 4297; x_wconf 79' lang='grc' dir='ltr'><strong>οὐ</strong></span> <span class='ocrx_word' id='word_1_330' title='bbox 1216 4235 1297 4313; x_wconf 92' lang='grc' dir='ltr'><em>μέν-</em></span> 
     </span>
     <span class='ocr_line' id='line_1_38' title="bbox 1055 4353 1085 4403; baseline 0 0"><span class='ocrx_word' id='word_1_331' title='bbox 1055 4353 1085 4403; x_wconf 81' lang='lat'><strong>12</strong></span> 
     </span>
    </p>
   </div>
   <div class='ocr_carea' id='block_1_4' title="bbox 0 0 1602 5136">
    <p class='ocr_par' dir='ltr' id='par_1_4' title="bbox 0 0 1602 5136">
     <span class='ocr_line' id='line_1_39' title="bbox 0 0 1602 5136; baseline 0 0"><span class='ocrx_word' id='word_1_332' title='bbox 0 0 1602 5136; x_wconf 95' lang='lat' dir='ltr'><strong> </strong></span> 
     </span>
    </p>
   </div>
  </div>
 </body>
</html>
