3224 5140
290 362 350 422 134
720 395 763 406 -
812 359 894 440 [arey
943 394 986 404 -

288 547 324 627 B,
344 545 516 609 AEFG:
551 542 595 631 μή
634 569 727 620 τινας
750 546 782 609 Μ
806 548 882 610 8339
913 566 984 610 oum
1008 545 1044 610 Ο.
1100 545 1180 610 Cum
1210 541 1254 630 μή
1287 569 1363 610 τινα
1391 547 1421 609 in

287 648 500 712 Ambrosiano
531 653 606 713 8619
641 655 786 732 apertum
821 647 940 712 citandi
963 648 1014 712 vel
1044 646 1205 712 scribendi
1227 647 1341 711 vitium
1371 648 1419 726 sit,

289 749 376 814 haud
402 751 467 815 seio
498 771 538 815 an
562 749 742 834 Thucydidi
772 771 812 815 ex
835 750 1053 814 Laurentiano
1082 756 1114 814 et
1135 749 1284 834 Dionysii
1316 770 1422 814 exem-

288 854 371 937 plari
394 853 443 940 μή
468 877 589 930 τινας
612 854 809 919 reddendum
833 854 883 918 sit.
934 853 983 918 Cf.
1006 853 1055 918 III
1072 857 1125 918 365
1150 849 1237 918 διότι
1260 855 1317 917 καὶ
1341 851 1423 918 inui-

288 979 360 1032 νοις
389 954 529 1042 ἔνδηλον
551 945 592 1042 ήν
620 954 828 1038 βουλόμενον
856 953 892 1019 τδ
918 956 1024 1020 πλέον
1052 962 1119 1020 τῶν
1148 956 1299 1020 πολιτῶν
1322 945 1423 1032 αὖθις
1456 953 1462 964 ’

289 1083 407 1134 τινας
437 1064 556 1144 σφίσιν
587 1055 777 1125 ἀποδοῦναι
806 1057 1073 1140 βουλεύσασθαι.
1127 1059 1258 1124 vssnra
1289 1052 1360 1140 ἅμα
1389 1058 1425 1122 δὲ

289 1169 327 1245 τῇ
350 1155 458 1248 ήμέρᾳ
488 1170 526 1246 τῇ
555 1161 655 1227 πόλει
677 1166 875 1246 προσέκειτο
906 1156 946 1226 οὐ
974 1157 1101 1246 μεγάλῃ
1132 1162 1189 1224 καὶ
1217 1160 1306 1246 αἱρεῖ
1337 1156 1424 1247 ἀφυ-

289 1262 423 1339 λάκτοις
446 1287 480 1328 τε
505 1261 679 1329 ἐπιπεσὼν
701 1265 757 1328 καὶ
773 1260 1042 1349 ἀπροσδοκήτοις
1064 1263 1108 1351 μή
1129 1261 1171 1329 ἄν
1193 1269 1279 1328 ποτέ
1302 1287 1423 1340 τινας

293 1367 339 1448 [3,
366 1390 441 1430 τινα
464 1368 548 1450 reli]
576 1371 696 1452 σφίσιν
725 1361 793 1431 ἀπὸ
825 1363 1003 1452 θαλάσσης
1033 1374 1196 1432 τοσοῦτον
1228 1365 1424 1449 ἐπαναβάν-

289 1492 348 1544 τας
375 1468 563 1550 [BADER
592 1466 811 1550 ἒπαναβάντα
836 1469 874 1551 G]
903 1467 1106 1534 ἐπιθέσθαι.

836 1675 874 1738 V.

374 1794 522 1878 Dionysii
553 1795 717 1879 exemplar
745 1815 815 1859 oum
839 1795 994 1859 Vatieano
1026 1801 1058 1860 et
1079 1795 1298 1860 Laurentiano
1333 1796 1423 1860 aliis-

288 1917 349 1980 que
372 1903 482 1962 contra
504 1897 629 1962 codices
652 1897 710 1963 hos
733 1899 785 1962 vel
807 1898 880 1962 illos
903 1898 1103 1980 consentio).

838 2057 871 2097 α.

375 2153 643 2218 9041⁵='11733
666 2175 697 2237 p.
720 2159 808 2218 14720
840 2147 911 2218 οὔτ’
932 2152 967 2218 ἐν
989 2160 1035 2238 τῷ
1058 2151 1126 2238 πρὸ
1151 2161 1211 2218 τοῦ
1236 2152 1365 2240 χρόνῳ,
1400 2145 1423 2220 d

289 2251 409 2342 ἄνδρες
431 2256 620 2341 Πλαταιῆς,
656 2249 720 2341 ἀφ’
740 2246 779 2320 οὗ
805 2253 974 2337 ξύμμαχοι
1004 2253 1212 2340 ἐγενόμεθα,
1244 2254 1425 2344 Ἀθηναῖοί

290 2379 396 2444 φασιν
428 2355 464 2422 ἓν
487 2351 598 2422 οὐδενὶ
625 2351 731 2439 ὑμᾶς
760 2363 935 2444 προέσθαι
965 2353 1221 2441 ἀδικουμένους,
1257 2381 1329 2426 oum
1351 2362 1420 2442 Bu,

289 2461 408 2525 Aru:
437 2453 524 2546 ἡμᾶς
546 2461 585 2524 Ε.

374 2701 556 2764 923⁷=11
572 2705 625 2764 601
649 2721 681 2784 p.
703 2703 792 2764 13699
826 2697 1004 2786 ἐκκλησίαν
1037 2696 1158 2765 τούτου
1194 2701 1291 2767 ἕνεκα
1326 2701 1425 2789 ξυνή-

289 2827 402 2888 γαγον,
431 2797 525 2879 ὅπως
547 2797 735 2890 ὑπομνήσω
758 2803 815 2868 καὶ
838 2808 1087 2886 μέμψωμαι,
1115 2824 1186 2869 eum
1210 2805 1279 2884 BG,
1301 2807 1420 2870 Anu:

287 2912 469 2991 μέμφομαι
490 2907 529 2970 F.

375 3027 636 3092 9365=V1781
662 3049 694 3110 p.
715 3029 806 3091 43329
838 3023 1066 3112 ἐνθυμηθήτω
1099 3022 1139 3092 οὐ
1161 3028 1241 3112 περὶ
1264 3034 1321 3114 της
1345 3027 1425 3116 ἕμής

288 3130 427 3212 μᾶλλον,
456 3126 491 3193 ἓν
513 3127 576 3212 'lurp
601 3129 636 3192 δὲ
659 3129 716 3192 καὶ
739 3135 796 3214 τής
819 3127 941 3194 ἑαυτοῦ
964 3123 1033 3210 ἅμα
1058 3127 1093 3195 ἐν
1108 3137 1147 3214 τῇ
1171 3129 1232 3214 ἐμή
1254 3129 1426 3214 μαχούμε-

288 3255 356 3314 νος,
384 3228 533 3315 τοσούτῳ
558 3231 593 3295 δὲ
617 3233 673 3294 καὶ
694 3225 957 3318 ἀσφαλέστερον,
986 3227 1054 3316 ὅσῳ
1079 3227 1119 3298 οὐ
1141 3233 1426 3321 προδιεφθαρμέ-

288 3358 350 3398 νου
366 3331 457 3416 ἐμοῦ,
486 3333 573 3414 ’έχων
595 3333 631 3397 δὲ
655 3331 831 3415 ξύμμαχον
854 3333 910 3415 ἐμὲ
934 3336 989 3398 καὶ
1007 3329 1066 3400 οὐκ
1090 3333 1248 3422 ἔρημον
1271 3331 1426 3421 ἀγωνιεῖ-

288 3461 353 3518 ται,
380 3457 450 3501 oum
474 3436 544 3516 BC,
563 3436 742 3501 AEFM2:
770 3435 892 3522 ἕρημος
915 3438 954 3502 G.

825 3643 879 3707 VI.

373 3761 547 3845 Exemplar
576 3783 648 3826 curn
675 3763 889 3828 Laurentiano
918 3763 1072 3848 (aliisque)
1100 3769 1210 3828 eontra
1232 3765 1422 3830 Vaticanum

292 3863 454 3946 (aliosque)
490 3864 667 3940 consentit;
705 3865 738 3928 in
772 3886 834 3948 quo
866 3865 1059 3930 monendum
1093 3872 1142 3931 est
1170 3867 1455 3933 Laurentianunr‘

357 4089 374 4150 ¹]
396 4086 530 4140 Minutias
549 4086 682 4140 adnotavi
702 4085 764 4138 has:
787 4087 852 4137 8372
873 4103 900 4154 p.
917 4089 964 4137 719
985 4086 1013 4140 δὲ
1033 4087 1068 4152 Μ,
1084 4086 1136 4141 Bo
1149 4091 1159 4153 ιΙ
1179 4089 1261 4140 83593
1281 4105 1308 4157 p.
1325 4089 1372 4142 829
1394 4089 1423 4141 δὲ

287 4171 322 4234 Μ,
339 4171 360 4226 0
379 4179 408 4227 et
425 4187 475 4241 per
494 4187 582 4240 comp.
598 4171 621 4224 B
641 4173 651 4234 11
670 4173 736 4223 uoto
756 4186 783 4238 p.
798 4173 858 4222 1461
882 4172 1050 4224 Πλαταιέων
1068 4173 1104 4235 Μ,
1120 4173 1189 4231 ΒΟς
1221 4173 1256 4226 of.
1277 4177 1341 4242 pag.
1357 4176 1402 4226 131
1416 4172 1427 4240 {t

288 4259 354 4308 9029
374 4272 401 4324 p.
419 4258 500 4310 14616
522 4255 607 4326 ὅμοια
627 4256 663 4318 Μ,
679 4255 741 4310 BC.
