3224 5140
345 451 403 513 rae
776 469 819 496 -·
867 450 949 529 [aaa]
997 483 1040 494 -

343 633 436 719 ἱερὰ
469 635 540 698 Διί
576 632 828 719 ἐλευθερίῳ,
867 655 936 700 cum
971 634 1049 699 OG:
1091 634 1150 696 Διλ
1185 632 1369 718 ἐλευθερίῳ
1405 632 1476 718 ἱερά

342 739 378 814 Β,
398 737 507 802 Aer.
552 731 638 819 Ἱερά
666 747 738 820 post
762 732 868 821 ἀγορᾷ
895 737 999 802 minus
1026 745 1116 818 grate
1141 743 1248 813 sonat,
1281 744 1476 821 quapropter
1601 811 1602 828 ,

343 839 489 904 Vaticani
513 840 681 922 lectionem
705 840 876 921 genuinam
900 839 1091 904 habuerunt.

428 1099 519 1160 90422
543 1126 584 1150 =
607 1097 639 1160 ΙΙ
663 1099 718 1160 732
747 1116 778 1179 p.
813 1099 899 1158 14722
935 1091 1095 1169 ἐλθόντες
1129 1093 1195 1157 oro
1234 1093 1267 1160 ,οί
1300 1095 1476 1180 Πλαταιῆς

343 1203 503 1284 πρέσβεις
526 1193 569 1274 ὡς
592 1196 670 1273 τοὺς
692 1195 896 1284 Ἀθηναίους
919 1197 976 1260 καὶ
991 1193 1255 1278 βουλευσάμενοι
1271 1191 1347 1278 μετ’
1368 1192 1477 1262 αὐτῶν

342 1300 446 1366 πάλιν
470 1290 578 1387 ἦλθον
601 1295 879 1384 ἀγγέλλοντες
903 1311 973 1375 τοῖς
997 1297 1033 1364 ἓν
1055 1305 1093 1381 τῇ
1117 1296 1216 1362 πόλει
1239 1297 1370 1381 τοιάδε,
1406 1321 1474 1366 cum

342 1405 417 1470 OG:
445 1397 713 1488 ἀπαγγέλλοντες
735 1404 772 1484 Β,
792 1403 903 1476 AER
934 1402 975 1468 cf.
1002 1403 1096 1490 paulo
1126 1402 1210 1466 infra
1241 1409 1382 1467 τοιαῦτα
1413 1409 1476 1467 τῶν

342 1511 519 1590 πρέσβειον
542 1501 831 1590 άιταγγειλάντοιν.

372 1686 374 1691 ,
428 1613 505 1674 9052
521 1639 563 1662 =
579 1610 611 1672 ΙΙ
628 1613 682 1672 742
705 1628 737 1691 p.
759 1611 846 1672 14732
872 1607 1032 1673 ἐντεῦθεν
1053 1603 1091 1692 δη
1116 1614 1251 1692 πρῶτον
1271 1607 1334 1690 μὲν
1350 1606 1385 1684 ἒς
1402 1607 1475 1672 ἐπι-

340 1717 528 1798 μαρτυρίαν
551 1713 607 1775 καὶ
630 1715 723 1775 θεῶν
745 1711 800 1774 καὶ
819 1704 936 1796 ἡρώιον
959 1717 1025 1774 τιῖιν
1048 1709 1218 1795 ἐγχωρίων
1232 1709 1435 1795 Ἀρχίδαμος
1459 1706 1474 1775 ὁ

341 1812 542 1897 βασιλεὺς
558 1819 710 1900 κατέστη,
735 1834 805 1878 cum
822 1813 894 1879 OG:
915 1810 1116 1898 Ἀρχίδαμος
1132 1811 1290 1894 βασιλεὺς
1306 1815 1344 1894 Β,
1364 1815 1471 1878 AEF.

341 1919 526 2000 Kruegcrus
549 1918 647 1981 verba
671 1909 688 1980 ὁ
712 1913 870 1998 βασιλεύς
893 1915 990 1980 delet.

871 2137 942 2200 VII.

426 2255 598 2338 Exemplar
632 2276 703 2320 oum
741 2255 927 2340 scriptorum
966 2255 1172 2334 testimoniis,
1213 2275 1295 2336 quae
1330 2257 1472 2322 codicum

341 2358 476 2441 quodam
499 2358 591 2422 modo
613 2359 715 2423 instar
738 2366 820 2438 sunt,
848 2359 1015 2424 consentit.

890 2518 910 2556 ot

428 2615 518 2676 91322
542 2643 584 2668 =
606 2600 725 2686 V1031
750 2634 783 2696 p.
804 2613 879 2676 3722
910 2611 1006 2688 ἐλπὶς
1030 2613 1065 2677 δὲ
1089 2611 1292 2678 κινδύνου
1314 2612 1473 2700 παραμύ-

340 2720 421 2780 θιον
445 2703 529 2780 οὖσα
557 2711 634 2790 τοὺς
663 2715 726 2796 μὲν
756 2709 825 2779 ont
857 2719 1056 2799 περιουσίας
1085 2720 1278 2798 χρωμένους
1306 2710 1389 2801 αὐτῇ
1413 2712 1473 2782 κάν

338 2815 455 2902 βλάψῃ
480 2811 520 2882 οὐ
542 2817 712 2899 καθεῖλεν,
747 2838 817 2882 cum
848 2818 1020 2883 scholiasta
1048 2826 1080 2883 et
1102 2819 1213 2884 Proeto
1241 2818 1275 2882 in
1298 2817 1471 2884 Hesiodum

339 2943 371 3004 p.
392 2925 449 2986 35:
476 2917 619 3004 κινδύνῳ
635 2920 736 2986 Thuc.
760 2919 853 2985 codd.
887 2920 967 2985 Vide
983 2921 1181 3003 Kruegerum
1198 2919 1240 2984 ad
1255 2919 1340 2987 huno
1355 2923 1469 2987 locum.

340 3023 389 3090 Of.
409 3031 575 3108 praeterea
590 3023 683 3087 Dion.
700 3024 739 3086 Α.
754 3023 792 3086 R.
810 3023 877 3086 113
894 3044 924 3108 p.
939 3027 1013 3086 1202
1030 3023 1150 3088 Kiessl.
1174 3024 1295 3109 σχολῆς
1318 3074 1323 3087 .
1343 3075 1348 3087 .
1368 3031 1472 3089 ταῦτα

339 3128 396 3190 καὶ
419 3123 589 3212 ῥᾳστώνης
612 3130 689 3206 βίον
710 3119 878 3212 εὑρῆσθαι
900 3122 1119 3210 παραμύθια.

426 3384 502 3446 9332
526 3410 568 3436 =
590 3381 634 3445 VI
660 3384 712 3444 772
743 3402 775 3465 p.
803 3385 894 3446 42312
926 3375 965 3446 οὐ
995 3381 1243 3465 ξυστραφέντες
1273 3378 1472 3462 βουλόμεθα

340 3480 603 3567 προθυμότερον
625 3482 733 3562 δεῖξαι
756 3477 886 3564 αὐτοῖς,
919 3477 971 3548 ὅτι
1001 3477 1061 3548 οὐκ
1083 3477 1196 3558 Ἴωνες
1226 3479 1357 3547 ταῦτά
1388 3481 1472 3549 εἰσιν

341 3579 413 3649 οὐδ’
436 3579 690 3671 Ἑλλησπόντιοι
699 3589 719 3668 ²)
747 3586 804 3650 καὶ
826 3592 998 3671 νησιῶται,
1031 3606 1102 3650 cum
1126 3585 1266 3651 Aristide
1288 3576 1337 3650 HI
1358 3607 1391 3670 p.
1411 3589 1469 3650 651

340 3689 480 3754 Cantor:
511 3683 625 3764 Ἴωνες
648 3687 726 3754 τάδε
750 3688 836 3754 εἰσίν
858 3689 959 3754 Thue.
986 3689 1077 3754 codd.
1125 3689 1151 3752 E
1175 3696 1260 3755 certo
1284 3689 1472 3772 antiquioris

338 3791 522 3873 graecitatis
548 3811 606 3856 usu
630 3789 709 3856 τάδε
733 3792 818 3856 omni
842 3793 935 3856 modo
958 3791 1132 3875 flagitatur.
1174 3791 1224 3857 01.
1243 3791 1359 3876 Odyss.
1378 3793 1395 3855 I
1411 3795 1471 3856 226

340 3888 398 3958 οὐκ
429 3892 548 3980 ἐ’ρανος
577 3891 655 3959 τάδε
684 3888 716 3978 γ’
743 3891 844 3975 ἐστίν,
876 3894 1001 3958 initium
1030 3893 1203 3980 Phrynichi
1226 3895 1472 3960 Phoenissamm

343 3998 386 4080 (in
408 3985 580 4081 hypothesi
603 3997 644 4060 ad
667 3997 781 4062 Persas
802 3996 1030 4082 Aeschyleost:
1181 3985 1183 3990 ⁸

449 4110 533 4180 Teiti’
553 4113 624 4180 ἐστὶ
646 4120 789 4201 Περσῶν
811 4123 876 4181 τῶν
898 4113 1007 4180 πάλαι
1029 4112 1242 4202 βεβηκάτων

410 4341 426 4405 ¹)
449 4335 474 4389 δ
496 4339 522 4392 Μ
553 4340 563 4402 ΙΙ
593 4338 610 4403 ²)
633 4333 698 4392 οὐδὲ
717 4335 912 4402 ἑλλησιιόντιοι
931 4339 967 4392 M.
