3182 5136
303 370 364 433 roo
732 403 776 414 -
824 366 907 448 [roo]
953 403 998 413 -

301 556 388 623 visse
404 553 508 638 iisque
524 554 723 620 familiariter
737 573 830 620 usum
846 571 918 620 esse
932 553 1021 619 vitae
1036 552 1178 632 traduut;
1202 553 1243 619 of.
1262 553 1437 618 Westerm.

297 659 401 742 biogr.
426 679 459 743 p.
480 661 571 724 assas
596 651 613 723 ὑ
636 662 734 734 θεῖος
758 651 840 744 ἀνήρ
865 654 1068 743 φιλοσόφων
1094 655 1158 739 μέν
1184 652 1306 722 ἑαυτὸν
1328 678 1442 740 παρε-

299 761 395 828 δίδου
416 758 589 827 Πλάτωνι.
637 763 715 826 981ο
739 759 846 847 ζηλῶν
871 758 1081 846 Θουκυδίδην
1102 759 1160 824 καὶ
1181 757 1355 826 Πλάτωνα
1377 755 1441 824 τὸν

299 861 502 953 φιλόσοφον,
535 856 671 950 ᾦτινες
701 857 801 930 εἶπον
828 867 1093 951 προηγουμένως
1123 857 1227 929 αὐτὸν
1255 859 1436 945 σχολάσαι.

298 971 390 1034 soon
406 964 689 1054 συνεῳιλολάγησε
706 961 738 1031 δ’
748 965 899 1033 Αἰσίωνι
914 971 960 1050 τῷ
971 960 1144 1053 Ἀθηναίῳ
1160 966 1217 1030 καί
1235 961 1438 1049 Θεοπόμπῳ

297 1078 344 1157 τῷ
358 1075 434 1156 Χίῳ
451 1068 644 1159 φιλοσόφῳ.
685 1073 776 1136 asoa
793 1068 878 1154 ἐγνω
895 1062 927 1135 δ’
943 1062 1048 1136 αὑτὸν
1066 1071 1120 1154 [se.
1136 1065 1197 1135 τὸν
1211 1070 1432 1156 Δημοσθένη)

297 1176 355 1241 καί
369 1179 505 1251 Λυσίας
528 1169 545 1240 δ
571 1171 680 1262 ῥήτωρ
703 1173 760 1238 καὶ
778 1168 970 1260 Ἰσοκράτης
993 1166 1060 1238 είδε
1076 1169 1342 1256 πολιτευόμενον
1358 1167 1438 1258 άχρι

297 1285 356 1367 τῆς
380 1277 416 1344 ἐν
437 1282 633 1364 Χαιρωνείᾳ
661 1274 770 1365 μάχης
798 1280 856 1342 καί
885 1299 974 1353 τινες
1002 1283 1068 1343 τῶν
1090 1281 1313 1363 Σωκρατικῶν
1336 1276 1437 1362 φιλο-

299 1404 428 1468 σοφων.

384 1483 571 1549 Reddantur
598 1482 696 1567 igitur
724 1483 845 1548 auotori
875 1501 933 1549 suo
961 1482 1020 1548 illa
1042 1484 1153 1564 verba,
1186 1482 1365 1566 Hermippo
1394 1501 1435 1548 ne

299 1587 489 1654 tribuantur.
535 1585 615 1652 Inde
639 1607 679 1652 ea
701 1585 797 1652 etiam
820 1588 904 1652 ultro
928 1593 1093 1668 corruunt,
1119 1605 1202 1668 quae
1224 1586 1262 1650 F.
1288 1585 1435 1651 Blassius

300 1710 340 1756 ex
362 1689 528 1776 Hermippi
551 1709 634 1772 quae
656 1688 826 1754 videbatur
847 1689 1036 1754 auctoritate
1059 1688 1099 1754 de
1120 1689 1208 1754 Isaei
1234 1708 1307 1754 eum
1329 1686 1437 1772 philo-

300 1793 411 1878 sophis
434 1792 653 1858 familiaritate
683 1792 743 1858 etsi
769 1791 952 1858 dubitanter
974 1791 1130 1876 doouit¹);
1164 1791 1244 1876 ipse,
1269 1791 1305 1856 ni
1328 1790 1433 1871 fallor,

298 1895 401 1962 sensit
421 1894 517 1960 fidem
540 1914 580 1960 ea
601 1915 664 1961 nou
686 1893 815 1960 habere.

385 2020 418 2083 p.
436 2000 542 2063 5908ss
573 1993 677 2084 Παρὰ
699 2001 817 2082 Λυσίᾳ
838 1997 902 2080 μέν
924 1990 964 2062 οὑ
986 1994 1117 2084 πολλὴν
1138 1993 1198 2084 τήν
1221 1995 1440 2084 ἐπιτέχνησιν

300 2094 372 2167 οὔτ’
391 2099 427 2167 ἐν
449 2098 582 2189 <τοῑς>2>
609 2111 786 2188 μερισμοῖς
808 2107 876 2167 τῶν
896 2096 1108 2187 πραγμάτων
1131 2093 1203 2166 οὔτ’
1223 2097 1259 2166 έν
1281 2107 1321 2186 τῇ
1344 2097 1438 2180 τάξει

298 2211 364 2272 τῶν
386 2201 636 2291 ἐνθυμημάτων
659 2199 734 2271 οὔτε
758 2202 795 2272 έν
816 2215 890 2281 ταῖς
914 2202 1122 2290 ἐξεργασίαις
1153 2197 1263 2270 αὑτῶν
1289 2200 1434 2289 ὄψεται·

301 2301 431 2384 ἁπλοῦς
453 2305 515 2394 γὰρ
540 2300 558 2373 δ
582 2301 678 2394 άνήρ.
703 2301 790 2393 παρ’
811 2301 925 2392 Ἰσαίῳ
955 2307 991 2372 δέ
1022 2308 1079 2372 καί
1106 2303 1346 2393 τεχνικώτερον
1374 2303 1435 2395 ήδη

299 2407 459 2496 γινόμενα
482 2416 588 2475 ταῦτα
611 2403 754 2497 εὑρήσει.
792 2411 877 2476 Ante
900 2411 1091 2496 particulam
1109 2414 1167 2474 καί
1180 2410 1305 2494 aliquid
1320 2410 1437 2478 deesse

299 2511 452 2580 Reiskius
474 2512 649 2598 perspexit,
675 2532 867 2596 quamquam
891 2534 974 2596 quae
994 2513 1066 2598 ipse
1082 2513 1247 2598 proposuit
1261 2514 1437 2581 inserenda

299 2612 535 2702 ποικιλὸτερον
566 2617 620 2682 v'el
657 2613 931 2704 πανουργότερον
964 2617 1069 2682 miuus
1100 2618 1211 2702 probo.
1257 2615 1436 2703 Dionysius

300 2718 442 2804 scripsit:
469 2712 552 2805 παρ’
567 2712 680 2803 Ἰσαίῳ
704 2718 740 2784 δέ
756 2712 1103 2808 (ἀκριβέστερον)
1119 2719 1175 2784 καὶ
1198 2717 1439 2806 τεχνικώτερον

299 2815 360 2909 ήδη
384 2817 543 2906 γινόμενα
567 2828 685 2887 ταῦτα’
703 2815 850 2910 εὑρήσει,
884 2822 925 2888 of.
951 2821 1037 2888 Isaei
1058 2821 1158 2887 vitam
1181 2843 1234 2907 ap.
1261 2818 1434 2890 Westerm.

299 2925 401 3010 biogr.
426 2947 459 3010 p.
478 2927 568 2991 rora
591 2925 625 2990 iu
645 2926 739 2992 eade
754 2945 817 3009 qua
839 2924 946 3008 agitur
968 2931 1060 3010 parte
1080 2945 1098 2990 e
1114 2924 1271 3009 Dionysio
1285 2925 1437 2991 haustam

302 3024 398 3113 παρὰ
416 3031 534 3113 Λυσίᾳ
556 3027 619 3110 μὲν
642 3021 681 3093 οὑ
703 3024 833 3114 πολλὴν
862 3023 922 3114 τήν
944 3031 1064 3115 τέχνην
1091 3021 1277 3115 εὑρήσομεν
1307 3023 1382 3094 οὔτ’
1403 3027 1440 3095 ἐν

301 3142 372 3207 τοῖς
394 3141 570 3217 μερισμοῖς
592 3137 658 3196 τῶν
680 3128 891 3217 πραγμάτων
914 3125 986 3197 οὔτ’
1005 3128 1041 3198 ἐν
1063 3137 1102 3216 τῇ
1125 3128 1218 3210 τάξει
1239 3138 1307 3198 τῶν
1334 3130 1439 3198 ἐνδυ-

302 3229 480 3320 μημάτων,
513 3229 609 3319 παρά
631 3228 660 3298 δ’
682 3227 795 3318 Ἰσαίῳ
823 3231 956 3321 πολλή
986 3241 1058 3322 τῆς
1088 3239 1237 3322 τέχνης
1264 3229 1283 3322 ή
1315 3228 1438 3322 άκρί-

301 3340 413 3419 βεια;
440 3336 481 3402 de
496 3336 589 3402 Isaeo
603 3335 701 3403 indie.
722 3357 754 3422 p.
771 3339 846 3402 5901
870 3331 890 3424 ή
907 3337 943 3402 δὲ
955 3331 1082 3403 Ἰσαίου
1102 3341 1155 3422 (so.
1175 3338 1273 3424 λέξις)
1300 3361 1341 3403 τε
1348 3363 1440 3420 χνι-

302 3444 465 3527 κωτέρα
489 3435 619 3519 δόξειεν
641 3434 682 3506 άν
705 3434 793 3508 εἶναι
814 3442 871 3506 καὶ
894 3434 1182 3528 ἀκριβεστέρα
1204 3447 1263 3528 τῆς
1285 3447 1435 3508 Λυσίου.

387 3582 421 3646 p.
440 3564 546 3627 590res
568 3563 684 3646 Μέχρι
706 3563 836 3627 πολλοῦ
857 3558 1003 3648 προάγει
1024 3558 1084 3638 τὰς
1107 3569 1172 3628 τῶν
1188 3559 1439 3684 ἐγχειρημάτων

304 3661 510 3750 ἐξεργασίας.
549 3663 719 3731 Rescribas
735 3685 844 3730 vooeur
861 3666 1046 3731 sollemnem
1070 3663 1142 3731 ἐπι
1147 3687 1432 3752 χειρηματων

303 3767 344 3834 of.
370 3787 399 3833 e.
424 3788 458 3852 g
482 3787 515 3852 p.
539 3770 615 3832 4875
650 3767 730 3853 περὶ
757 3765 817 3844 τὰς
847 3757 1042 3864 ἐξεργασίας
1072 3775 1138 3835 τῶν
1167 3767 1441 3856 ἐπιχειρημάτων

304 3863 431 3957 άῳελής
453 3893 514 3946 τις.
563 3873 653 3936 64613
676 3866 762 3934 κατὰ
786 3869 878 3935 δέ
846 3895 905 3959 την
928 3871 1124 3955 οἰκονομίαν
1145 3873 1197 3956 (se.
1215 3873 1380 3960 λείπεται)
1400 3879 1438 3958 τῇ

302 3970 396 4052 τάξει
417 3973 474 4039 καί
495 3984 570 4049 ταῖς
593 3971 802 4058 ἐξεργασίαις
824 3979 891 4040 τῶν
913 3971 1193 4062 ἐπιχειρημάτων.

375 4199 391 4262 ¹)
418 4194 599 4262 „Geeehiehte
624 4196 673 4250 der
696 4195 832 4280 attisoheu
851 4197 1075 4272 Beredsamkeit“
1096 4199 1124 4254 II
1142 4201 1205 4251 457⁸
1234 4201 1245 4264 11
1274 4198 1293 4264 ²)
1315 4203 1375 4264 τοῖς
1391 4214 1442 4254 ao-

305 4282 382 4337 oedlt
400 4297 434 4336 ex
452 4279 603 4338 vita'lsaei
621 4297 666 4349 ap.
682 4281 829 4338 Weaterm.
849 4283 938 4352 biogr.
959 4301 986 4353 p.
1002 4285 1095 4337 tolno.
