3182 5136
302 358 367 421 roo
738 392 782 404 -
828 359 911 441 [roo]
959 392 1003 404 -

301 563 406 628 comp.
431 545 484 627 Vl.
533 545 639 612 Verba
667 543 752 610 κατὰ
783 547 874 626 λέξιν
903 565 983 614 sana
1011 565 1074 610 non
1104 549 1194 623 sunt;
1232 541 1319 608 κατὰ
1349 544 1439 623 λέξιν

303 647 390 713 enim
419 647 500 713 nihil
529 647 619 714 aliud
642 649 824 732 significare
846 655 952 734 potest
980 647 1044 714 nisi
1073 647 1238 714 verbot
1224 653 1361 732 t,enus
1395 647 1438 714 os.

303 771 333 817 e.
353 771 385 834 g.
410 771 444 836 p.
462 753 553 817 82311
576 749 662 816 κατὰ
680 747 819 831 λεξιν
787 776 893 829 ουτως
908 774 1060 838 χραφων
1086 751 1212 836 itomp.
1228 754 1338 832 913103
1365 750 1441 818 vide

302 855 455 940 exempla
477 855 557 941 Gap.
575 825 656 920 III
646 875 721 978 pag.
738 859 799 920 144
822 856 897 922 adn.
920 861 1113 940 leongesta.
1160 855 1336 980 Dionysius
1359 855 1442 920 seri-

302 955 923 1048 11111,1116111101,κατά(υὴν>λέξιν
950 959 990 1025 of.
1017 980 1050 1043 p.
1069 961 1145 1024 589⁷
1169 955 1443 1044 καυάτὴνλέξιν

301 1059 472 1142 portast
456 1084 543 1126 εοικε
565 1069 612 1146 τῷ
625 1066 755 1148 Λυσίᾳ.
804 1066 894 1127 99411
917 1060 1115 1148 κρείττον’
1101 1062 1173 1128 εστὶ
1189 1065 1326 1126 Λυσίου
1347 1055 1441 1145 (sa‘
1424 1085 1442 1126 ο

301 1166 539 1250 Δημοσθένης)
566 1165 623 1230 καὶ
644 1163 730 1230 κατὰ
752 1162 812 1253 τὴν
833 1165 934 1244 λέξιν.

390 1268 462 1333 Βυο
484 1275 652 1352 praeterea
673 1269 752 1335 vitia
767 1269 953 1336 Florentino
972 1267 1199 1353 suppeditante
1214 1269 1328 1334 tollere
1343 1288 1443 1353 posse

303 1370 383 1436 mihi
405 1370 524 1436 videor.
571 1371 712 1437 Primum
734 1373 819 1439 enim
841 1374 1004 1456 volgatam
1026 1372 1192 1439 lectionem
1215 1366 1322 1437 ταύτά
1344 1392 1444 1457 prop-

303 1481 354 1540 ter
377 1474 576 1540 enuntiatum
597 1475 768 1542 relativum
789 1476 932 1559 ineptam
950 1495 1022 1542 esse
1037 1484 1187 1560 apparet3
1213 1476 1248 1540 in
1263 1476 1444 1542 Florentini

306 1577 453 1659 lectione,
481 1577 509 1644 si
532 1577 609 1660 quid
630 1577 733 1659 video,
755 1580 840 1645 latet
862 1585 1054 1644 τοιαῦτα.
1101 1578 1226 1644 Deinde
1241 1579 1274 1644 in
1290 1578 1445 1644 editioni-

305 1681 365 1745 bus
388 1681 472 1746 male
493 1681 612 1764 legitur
635 1678 697 1760 ἔξω
721 1689 779 1768 τῆς
801 1687 862 1747 τοῦ
883 1679 1074 1769 Δεινάρχου
1104 1676 1251 1769 ditatam
1284 1682 1445 1748 articulus

306 1789 367 1848 τοῦ
389 1783 474 1848 enirn
497 1806 518 1849 a
533 1784 682 1869 Dionysii
704 1805 790 1851 more
806 1785 968 1863 abhorret;
997 1786 1039 1851 oi.
1065 1807 1097 1870 p.
1119 1789 1195 1851 6541
1210 1782 1446 1872 πρεσβύτερός
1487 1809 1491 1830 ⁴

305 1884 379 1951 ἐστι
409 1893 466 1972 τῆς
495 1883 686 1974 Δεινάρχου
715 1881 857 1976 ἡλικίας.
904 1892 980 1956 6561
1004 1888 1076 1954 ἔστι
1098 1888 1134 1954 δέ
1156 1895 1263 1955 ταῦτα
1290 1887 1446 1975 πρεσβύ-

305 2013 386 2074 τερα
420 1997 478 2076 τῆς
508 1989 698 2078 Δεινάρχου
732 1986 850 2079 ἀκμῆς.
905 1997 982 2058 6571
1015 1989 1245 2078 πρεσβύτερός
1279 1991 1352 2058 ἐστι
1385 2000 1446 2080 τῆς

304 2089 497 2178 Δεινάρχου
526 2089 643 2182 άκμῆς.
692 2100 782 2160 66011
812 2090 883 2161 οὐδ’
902 2085 1000 2172 οὗτος
1022 2089 1039 2160 ὁ
1064 2093 1163 2180 λόγος
1193 2093 1355 2182 ἐμφαίνει
1384 2093 1447 2163 τὸν

304 2193 497 2282 Δεινάρχου
527 2206 732 2286 χαρακτῆρα.
785 2199 932 2266 Medelae
958 2199 1044 2265 viam
1079 2205 1234 2265 monstrat
1264 2200 1446 2266 Florentini

306 2299 379 2366 leot
357 2307 401 2366 tro
430 2306 533 2379 υῶνς-
551 2301 627 2383 quid
656 2302 867 2384 interciderit,
901 2303 985 2368 alius
1014 2303 1102 2368 loeus
1134 2303 1280 2385 quamvis
1310 2309 1343 2368 et
1370 2302 1446 2388 ipse

305 2400 1447 2532 οουιιριιιεᾱοιε1μ61111Ὑπὲράνιιδόσιος,1111116111·,,Ει

305 2504 370 2587 μὲν
392 2496 527 2588 ider,
503 2533 529 2570 ω
551 2503 678 2593 ἄνδρες,
706 2506 794 2594 πρὸς
817 2521 906 2593 τρεῖς
927 2504 948 2596 ἢ
970 2513 1167 2595 utraeque&
1209 2503 1313 2591 ὁμέν
1336 2510 1447 2595 λέγων

307 2605 400 2673 ἐστὶν
421 2558 606 2696 Αάοαρεάς·
647 2609 718 2690 ἔξω
748 2606 820 2676 d’'
807 2619 988 2678 επισυῶν
1015 2609 1259 2698 Δεινάρχου
1292 2610 1442 2697 λόγων.

305 2710 437 2799 εἴρηται
466 2711 528 2799 γὰρ
559 2713 609 2780 έιι
638 2722 698 2781 τοῦ
730 2738 916 2803 στρατηχου
949 2721 1123 2799 Τιμοθέου
1151 2715 1285 2796 ζῶντος.
1334 2719 1446 2785 Verba

304 2823 455 2900 corrupta
482 2817 648 2901 ingeniose
677 2819 827 2885 Reiskius
860 2819 907 2884 ita
936 2820 1091 2885 restituit:
1126 2817 1189 2897 ’ἐξω
1221 2817 1256 2882 δὲ
1287 2825 1346 2906 τῆς
1377 2827 1447 2886 τῶν

306 2915 498 3005 Δεινάρχου
520 2918 630 3005 λόγων
653 2915 830 3010 (ditatos).
877 2923 948 2988 Vox
963 2916 1097 3010 ἡλικίας
1114 2930 1150 2987 ut
1171 2921 1379 3006 probabiliter
1401 2943 1445 2989 ex

304 3021 363 3087 illo
384 3023 424 3088 de
446 3044 507 3106 quo
529 3025 597 3108 agit
599 3047 635 3090 ur
584 3027 725 3092 tloeo
749 3032 876 3110 sumpta
898 3033 955 3106 est,
986 3026 1033 3091 ita
1054 3024 1107 3090 hio
1129 3045 1170 3090 ex
1192 3027 1293 3092 altero
1315 3047 1368 3092 me
1390 3027 1445 3092 iu-

306 3123 379 3190 dice
410 3127 629 3194 emendandus
659 3136 728 3194 est:
766 3128 829 3208 ’ἐξω
859 3135 917 3216 τῆς
948 3135 1013 3194 τῶν
1044 3125 1235 3214 Δεινάρχου
1257 3126 1445 3216 (topos)

306 3219 396 3314 ἦλικί
398 3251 449 3304 ας.
497 3229 645 3296 Ceterum
667 3231 803 3298 alterum
825 3233 931 3298 looum
947 3231 1108 3316 Sauppius
1131 3231 1254 3298 Reiskii
1277 3231 1447 3298 coniectu-

307 3350 376 3395 ram
398 3332 585 3416 neglegens,
622 3353 693 3398 oum
715 3335 846 3400 verbum
869 3334 991 3422 finitum
1015 3334 1221 3416 desideraret
1246 3333 1293 3400 ita
1316 3335 1446 3418 refingit

313 3435 368 3514 (or.
394 3435 459 3500 Ate.
478 3435 566 3552 Hp
586 3432 797 3522 troium}
761 3461 823 3502 ειυ
779 3432 911 3516 ξ”δ
897 3437 968 3504 εστὶ
990 3445 1055 3504 τῶν
1077 3434 1268 3522 Δεινάρχου
1295 3435 1442 3523 χρόνων.

307 3533 374 3600 Sed
403 3556 473 3602 oum
503 3537 588 3622 prior
620 3539 708 3606 loous
738 3541 860 3606 Reiskii
894 3541 1107 3607 coniecturam
1137 3537 1199 3618 έξιι
1230 3538 1266 3604 δὲ
1296 3546 1355 3626 τῆς
1378 3548 1447 3608 τῶν

308 3635 500 3725 Δεινάρχου
522 3639 632 3726 λόγων
653 3636 817 3730 (ἡλικίας)
839 3651 982 3725 tueatur,
1016 3643 1115 3720 nolim
1138 3644 1180 3708 ab
1203 3664 1243 3709 ea
1271 3644 1440 3720 recedere;

309 3741 442 3806 verbum
470 3750 578 3810 autem
607 3746 842 3820 substantivum
872 3745 1046 3812 desiderari
1075 3767 1112 3812 eo
1135 3746 1241 3810 minus
1272 3765 1445 3812 conoesse-

308 3844 379 3928 rim,
405 3845 480 3927 quia
502 3866 539 3912 eo
562 3867 686 3930 quoque
708 3868 728 3912 a
750 3868 812 3930 quo
840 3848 975 3933 profecti
1005 3869 1114 3916 sumus
1143 3850 1213 3915 loeo
1235 3869 1299 3914 non
1322 3857 1442 3916 exstat.

309 3947 427 4013 Durior
448 3968 526 4014 sane
549 3955 706 4015 structura
728 3957 777 4016 est
799 3972 902 4035 neque
924 3959 1031 4018 tamen
1053 3953 1087 4018 in
1108 3951 1224 4035 indiae,
1259 3952 1349 4019 ouius
1372 3953 1444 4020 vice

307 4051 350 4118 de
371 4051 531 4118 Dinaroho
553 4053 682 4119 libellus
704 4075 820 4138 magne
844 4076 884 4122 ex
906 4064 998 4141 parte
1024 4057 1183 4141 iungitur,
1216 4057 1439 4124 intolerabilis.
