<?xml version="1.0" encoding="UTF-8"?>
<!DOCTYPE html PUBLIC "-//W3C//DTD XHTML 1.0 Transitional//EN"
    "http://www.w3.org/TR/xhtml1/DTD/xhtml1-transitional.dtd">
<html xmlns="http://www.w3.org/1999/xhtml" xml:lang="en" lang="en">
 <head>
  <title>
</title>
<meta http-equiv="Content-Type" content="text/html;charset=utf-8" />
  <meta name='ocr-system' content='tesseract 3.04.00' />
  <meta name='ocr-capabilities' content='ocr_page ocr_carea ocr_par ocr_line ocrx_word'/>
</head>
<body>
  <div class='ocr_page' id='page_1' title='image "./dedionysiihalic00sadgoog_0023.png"; bbox 0 0 3250 5146; ppageno 0'>
   <div class='ocr_carea' id='block_1_1' title="bbox 325 401 1020 482">
    <p class='ocr_par' dir='ltr' id='par_1_1' title="bbox 325 401 1020 482">
     <span class='ocr_line' id='line_1_1' title="bbox 325 401 1020 482; baseline -0.003 -18"><span class='ocrx_word' id='word_1_1' title='bbox 325 403 363 466; x_wconf 81' lang='lat' dir='ltr'>rs</span> <span class='ocrx_word' id='word_1_2' title='bbox 756 435 799 444; x_wconf 98' lang='lat'><em>-</em></span> <span class='ocrx_word' id='word_1_3' title='bbox 846 401 929 482; x_wconf 75' lang='lat' dir='ltr'>[roa]</span> <span class='ocrx_word' id='word_1_4' title='bbox 976 437 1020 446; x_wconf 89' lang='lat'><em>-</em></span> 
     </span>
    </p>
   </div>
   <div class='ocr_carea' id='block_1_2' title="bbox 320 585 1458 1084">
    <p class='ocr_par' dir='ltr' id='par_1_2' title="bbox 320 585 1458 1084">
     <span class='ocr_line' id='line_1_2' title="bbox 320 585 1457 674; baseline 0 -20"><span class='ocrx_word' id='word_1_5' title='bbox 320 589 511 668; x_wconf 80' lang='lat' dir='ltr'>describam,</span> <span class='ocrx_word' id='word_1_6' title='bbox 545 587 698 653; x_wconf 88' lang='lat' dir='ltr'>lectiones</span> <span class='ocrx_word' id='word_1_7' title='bbox 721 585 838 653; x_wconf 89' lang='lat' dir='ltr'>deinde</span> <span class='ocrx_word' id='word_1_8' title='bbox 861 607 929 671; x_wconf 89' lang='lat' dir='ltr'>eas,</span> <span class='ocrx_word' id='word_1_9' title='bbox 962 607 1045 671; x_wconf 91' lang='lat' dir='ltr'>quae</span> <span class='ocrx_word' id='word_1_10' title='bbox 1073 587 1115 653; x_wconf 93' lang='lat' dir='ltr'>ad</span> <span class='ocrx_word' id='word_1_11' title='bbox 1137 588 1276 674; x_wconf 90' lang='lat' dir='ltr'>ipsius</span> <span class='ocrx_word' id='word_1_12' title='bbox 1298 589 1457 674; x_wconf 91' lang='lat' dir='ltr'>Diony-</span> 
     </span>
     <span class='ocr_line' id='line_1_3' title="bbox 321 690 1456 775; baseline 0.001 -20"><span class='ocrx_word' id='word_1_13' title='bbox 321 691 406 775; x_wconf 82' lang='lat' dir='ltr'>sii1)</span> <span class='ocrx_word' id='word_1_14' title='bbox 434 691 534 755; x_wconf 88' lang='lat' dir='ltr'>verba</span> <span class='ocrx_word' id='word_1_15' title='bbox 560 690 737 774; x_wconf 79' lang='lat' dir='ltr'><strong>pertinent,</strong></span> <span class='ocrx_word' id='word_1_16' title='bbox 772 690 938 774; x_wconf 82' lang='lat' dir='ltr'>disponam</span> <span class='ocrx_word' id='word_1_17' title='bbox 961 696 1058 774; x_wconf 89' lang='lat' dir='ltr'>atque</span> <span class='ocrx_word' id='word_1_18' title='bbox 1081 691 1261 757; x_wconf 88' lang='lat' dir='ltr'>aestimem.</span> <span class='ocrx_word' id='word_1_19' title='bbox 1310 691 1456 758; x_wconf 84' lang='lat' dir='ltr'>Secundo</span> 
     </span>
     <span class='ocr_line' id='line_1_4' title="bbox 320 792 1458 878; baseline 0.001 -20"><span class='ocrx_word' id='word_1_20' title='bbox 320 813 489 877; x_wconf 82' lang='lat' dir='ltr'>exponam,</span> <span class='ocrx_word' id='word_1_21' title='bbox 523 792 631 875; x_wconf 90' lang='lat' dir='ltr'>qualia</span> <span class='ocrx_word' id='word_1_22' title='bbox 652 793 800 876; x_wconf 86' lang='lat' dir='ltr'>legantur</span> <span class='ocrx_word' id='word_1_23' title='bbox 822 793 856 856; x_wconf 92' lang='lat' dir='ltr'>in</span> <span class='ocrx_word' id='word_1_24' title='bbox 879 793 1062 859; x_wconf 80' lang='lat' dir='ltr'>Florentino</span> <span class='ocrx_word' id='word_1_25' title='bbox 1085 800 1117 858; x_wconf 88' lang='lat' dir='ltr'>et</span> <span class='ocrx_word' id='word_1_26' title='bbox 1138 793 1349 860; x_wconf 86' lang='lat' dir='ltr'>Ambrosiano</span> <span class='ocrx_word' id='word_1_27' title='bbox 1371 795 1458 878; x_wconf 90' lang='lat' dir='ltr'>prio-</span> 
     </span>
     <span class='ocr_line' id='line_1_5' title="bbox 320 895 1457 980; baseline 0 -20"><span class='ocrx_word' id='word_1_28' title='bbox 320 915 389 959; x_wconf 89' lang='lat' dir='ltr'>rum</span> <span class='ocrx_word' id='word_1_29' title='bbox 404 903 578 976; x_wconf 89' lang='lat' dir='ltr'>auotorum,</span> <span class='ocrx_word' id='word_1_30' title='bbox 598 915 680 977; x_wconf 89' lang='lat' dir='ltr'>quae</span> <span class='ocrx_word' id='word_1_31' title='bbox 697 895 782 980; x_wconf 90' lang='lat' dir='ltr'>apud</span> <span class='ocrx_word' id='word_1_32' title='bbox 799 895 901 960; x_wconf 90' lang='lat' dir='ltr'>solum</span> <span class='ocrx_word' id='word_1_33' title='bbox 916 895 983 961; x_wconf 89' lang='lat' dir='ltr'>lere</span> <span class='ocrx_word' id='word_1_34' title='bbox 999 895 1190 980; x_wconf 91' lang='lat' dir='ltr'>Dionysium</span> <span class='ocrx_word' id='word_1_35' title='bbox 1207 903 1346 977; x_wconf 87' lang='lat' dir='ltr'>exstant,</span> <span class='ocrx_word' id='word_1_36' title='bbox 1369 897 1457 980; x_wconf 81' lang='lat' dir='ltr'>frag·</span> 
     </span>
     <span class='ocr_line' id='line_1_6' title="bbox 321 997 1457 1084; baseline 0.001 -22"><span class='ocrx_word' id='word_1_37' title='bbox 321 1004 445 1077; x_wconf 86' lang='lat' dir='ltr'>menta,</span> <span class='ocrx_word' id='word_1_38' title='bbox 486 998 617 1063; x_wconf 88' lang='lat' dir='ltr'>Pindari</span> <span class='ocrx_word' id='word_1_39' title='bbox 654 998 724 1063; x_wconf 93' lang='lat' dir='ltr'>dico</span> <span class='ocrx_word' id='word_1_40' title='bbox 760 997 995 1083; x_wconf 86' lang='lat' dir='ltr'>Thrasymachi</span> <span class='ocrx_word' id='word_1_41' title='bbox 1029 999 1148 1084; x_wconf 79' lang='lat' dir='ltr'>Lysiae</span> <span class='ocrx_word' id='word_1_42' title='bbox 1183 999 1270 1064; x_wconf 91' lang='lat' dir='ltr'>Isaei</span> <span class='ocrx_word' id='word_1_43' title='bbox 1302 997 1457 1064; x_wconf 77' lang='lat' dir='ltr'>Dinarchi</span> 
     </span>
    </p>
   </div>
   <div class='ocr_carea' id='block_1_3' title="bbox 214 1100 1453 1186">
    <p class='ocr_par' dir='ltr' id='par_1_3' title="bbox 214 1100 1453 1186">
     <span class='ocr_line' id='line_1_7' title="bbox 214 1100 1453 1186; baseline 0 -19"><span class='ocrx_word' id='word_1_44' title='bbox 214 1106 221 1117; x_wconf 96' lang='grc'><strong>’</strong></span> <span class='ocrx_word' id='word_1_45' title='bbox 320 1101 534 1186; x_wconf 86' lang='lat' dir='ltr'>Theophrasti</span> <span class='ocrx_word' id='word_1_46' title='bbox 563 1100 743 1166; x_wconf 89' lang='lat' dir='ltr'>Philochori</span> <span class='ocrx_word' id='word_1_47' title='bbox 775 1101 930 1166; x_wconf 85' lang='lat' dir='ltr'>Demetrii</span> <span class='ocrx_word' id='word_1_48' title='bbox 963 1101 1135 1185; x_wconf 84' lang='lat' dir='ltr'>Magnetis.</span> <span class='ocrx_word' id='word_1_49' title='bbox 1194 1101 1304 1167; x_wconf 85' lang='lat' dir='ltr'>Tertio</span> <span class='ocrx_word' id='word_1_50' title='bbox 1337 1102 1453 1186; x_wconf 87' lang='lat' dir='ltr'>capite,</span> 
     </span>
    </p>
   </div>
   <div class='ocr_carea' id='block_1_4' title="bbox 316 1204 1517 2420">
    <p class='ocr_par' dir='ltr' id='par_1_4' title="bbox 316 1204 1517 2420">
     <span class='ocr_line' id='line_1_8' title="bbox 321 1204 1456 1288; baseline 0.001 -19"><span class='ocrx_word' id='word_1_51' title='bbox 321 1225 390 1269; x_wconf 92' lang='lat' dir='ltr'>cum</span> <span class='ocrx_word' id='word_1_52' title='bbox 422 1204 567 1288; x_wconf 86' lang='lat' dir='ltr'>quaestio</span> <span class='ocrx_word' id='word_1_53' title='bbox 595 1211 710 1286; x_wconf 89' lang='lat' dir='ltr'>restet,</span> <span class='ocrx_word' id='word_1_54' title='bbox 750 1205 862 1286; x_wconf 89' lang='lat' dir='ltr'>quales</span> <span class='ocrx_word' id='word_1_55' title='bbox 892 1205 990 1270; x_wconf 87' lang='lat' dir='ltr'>ceteri</span> <span class='ocrx_word' id='word_1_56' title='bbox 1019 1212 1166 1270; x_wconf 83' lang='lat' dir='ltr'>auctores</span> <span class='ocrx_word' id='word_1_57' title='bbox 1201 1225 1284 1286; x_wconf 92' lang='lat' dir='ltr'>quos</span> <span class='ocrx_word' id='word_1_58' title='bbox 1314 1205 1456 1288; x_wconf 86' lang='lat' dir='ltr'>integros</span> 
     </span>
     <span class='ocr_line' id='line_1_9' title="bbox 320 1306 1460 1393; baseline 0.002 -21"><span class='ocrx_word' id='word_1_59' title='bbox 320 1315 467 1372; x_wconf 89' lang='lat' dir='ltr'>tenemus</span> <span class='ocrx_word' id='word_1_60' title='bbox 489 1306 577 1393; x_wconf 91' lang='lat' dir='ltr'>apud</span> <span class='ocrx_word' id='word_1_61' title='bbox 590 1307 779 1391; x_wconf 92' lang='lat' dir='ltr'>Dionysium</span> <span class='ocrx_word' id='word_1_62' title='bbox 801 1308 958 1391; x_wconf 89' lang='lat' dir='ltr'>legantur,</span> <span class='ocrx_word' id='word_1_63' title='bbox 986 1307 1172 1392; x_wconf 89' lang='lat' dir='ltr'>speciminis</span> <span class='ocrx_word' id='word_1_64' title='bbox 1195 1328 1295 1374; x_wconf 89' lang='lat' dir='ltr'>causa</span> <span class='ocrx_word' id='word_1_65' title='bbox 1317 1308 1358 1373; x_wconf 95' lang='lat' dir='ltr'>de</span> <span class='ocrx_word' id='word_1_66' title='bbox 1381 1309 1460 1374; x_wconf 93' lang='lat' dir='ltr'>Dio-</span> 
     </span>
     <span class='ocr_line' id='line_1_10' title="bbox 321 1410 1458 1498; baseline 0.002 -24"><span class='ocrx_word' id='word_1_67' title='bbox 321 1411 407 1495; x_wconf 89' lang='lat' dir='ltr'>nysii</span> <span class='ocrx_word' id='word_1_68' title='bbox 430 1411 606 1495; x_wconf 90' lang='lat' dir='ltr'>exemplari</span> <span class='ocrx_word' id='word_1_69' title='bbox 628 1431 724 1494; x_wconf 89' lang='lat' dir='ltr'>agam</span> <span class='ocrx_word' id='word_1_70' title='bbox 740 1410 986 1498; x_wconf 61' lang='lat' dir='ltr'>Thucydidiossl.</span> <span class='ocrx_word' id='word_1_71' title='bbox 1028 1410 1149 1488; x_wconf 79' lang='lat' dir='ltr'>Quarto</span> <span class='ocrx_word' id='word_1_72' title='bbox 1172 1411 1309 1494; x_wconf 92' lang='lat' dir='ltr'>denique</span> <span class='ocrx_word' id='word_1_73' title='bbox 1331 1413 1458 1496; x_wconf 91' lang='lat' dir='ltr'>proprio</span> 
     </span>
     <span class='ocr_line' id='line_1_11' title="bbox 321 1513 1459 1598; baseline 0.002 -21"><span class='ocrx_word' id='word_1_74' title='bbox 321 1514 423 1579; x_wconf 90' lang='lat' dir='ltr'>Marte</span> <span class='ocrx_word' id='word_1_75' title='bbox 446 1513 525 1579; x_wconf 92' lang='lat' dir='ltr'>locis</span> <span class='ocrx_word' id='word_1_76' title='bbox 547 1514 708 1578; x_wconf 91' lang='lat' dir='ltr'>nonnullis</span> <span class='ocrx_word' id='word_1_77' title='bbox 731 1513 890 1578; x_wconf 87' lang='lat' dir='ltr'>medelam</span> <span class='ocrx_word' id='word_1_78' title='bbox 906 1513 1022 1578; x_wconf 86' lang='lat' dir='ltr'>afferre</span> <span class='ocrx_word' id='word_1_79' title='bbox 1044 1514 1224 1598; x_wconf 90' lang='lat' dir='ltr'>temptabo;</span> <span class='ocrx_word' id='word_1_80' title='bbox 1250 1514 1285 1578; x_wconf 93' lang='lat' dir='ltr'>in</span> <span class='ocrx_word' id='word_1_81' title='bbox 1301 1513 1387 1596; x_wconf 88' lang='lat' dir='ltr'>quod</span> <span class='ocrx_word' id='word_1_82' title='bbox 1405 1535 1459 1579; x_wconf 91' lang='lat' dir='ltr'>ca-</span> 
     </span>
     <span class='ocr_line' id='line_1_12' title="bbox 321 1615 1517 1701; baseline 0.002 -21"><span class='ocrx_word' id='word_1_83' title='bbox 321 1624 378 1701; x_wconf 89' lang='lat' dir='ltr'>put</span> <span class='ocrx_word' id='word_1_84' title='bbox 410 1635 464 1682; x_wconf 92' lang='lat' dir='ltr'>eos</span> <span class='ocrx_word' id='word_1_85' title='bbox 498 1637 623 1700; x_wconf 89' lang='lat' dir='ltr'>quoquc</span> <span class='ocrx_word' id='word_1_86' title='bbox 656 1617 742 1682; x_wconf 92' lang='lat' dir='ltr'>locos</span> <span class='ocrx_word' id='word_1_87' title='bbox 772 1617 939 1699; x_wconf 81' lang='lat' dir='ltr'>delegavi,</span> <span class='ocrx_word' id='word_1_88' title='bbox 977 1617 1092 1700; x_wconf 90' lang='lat' dir='ltr'>quibus</span> <span class='ocrx_word' id='word_1_89' title='bbox 1125 1615 1270 1682; x_wconf 87' lang='lat' dir='ltr'>codicum</span> <span class='ocrx_word' id='word_1_90' title='bbox 1302 1617 1458 1683; x_wconf 87' lang='lat' dir='ltr'>lectiones</span> <span class='ocrx_word' id='word_1_91' title='bbox 1514 1652 1517 1657; x_wconf 96' lang='lat'>·</span> 
     </span>
     <span class='ocr_line' id='line_1_13' title="bbox 321 1719 1458 1805; baseline 0 -21"><span class='ocrx_word' id='word_1_92' title='bbox 321 1739 515 1803; x_wconf 91' lang='lat' dir='ltr'>quamquam</span> <span class='ocrx_word' id='word_1_93' title='bbox 538 1728 570 1785; x_wconf 89' lang='lat' dir='ltr'>et</span> <span class='ocrx_word' id='word_1_94' title='bbox 591 1720 682 1804; x_wconf 88' lang='lat' dir='ltr'>ipsae</span> <span class='ocrx_word' id='word_1_95' title='bbox 698 1720 892 1804; x_wconf 87' lang='lat' dir='ltr'>depravatae</span> <span class='ocrx_word' id='word_1_96' title='bbox 916 1719 1051 1784; x_wconf 88' lang='lat' dir='ltr'>sanandi</span> <span class='ocrx_word' id='word_1_97' title='bbox 1068 1739 1181 1784; x_wconf 90' lang='lat' dir='ltr'>ansam</span> <span class='ocrx_word' id='word_1_98' title='bbox 1203 1722 1357 1805; x_wconf 88' lang='lat' dir='ltr'>praehere</span> <span class='ocrx_word' id='word_1_99' title='bbox 1379 1720 1458 1784; x_wconf 88' lang='lat' dir='ltr'>milri</span> 
     </span>
     <span class='ocr_line' id='line_1_14' title="bbox 321 1823 1457 1907; baseline -0.001 -19"><span class='ocrx_word' id='word_1_100' title='bbox 321 1823 411 1888; x_wconf 87' lang='lat' dir='ltr'>visae</span> <span class='ocrx_word' id='word_1_101' title='bbox 440 1830 524 1888; x_wconf 91' lang='lat' dir='ltr'>sunt.</span> <span class='ocrx_word' id='word_1_102' title='bbox 572 1823 722 1888; x_wconf 75' lang='lat' dir='ltr'>Ceterum</span> <span class='ocrx_word' id='word_1_103' title='bbox 751 1843 815 1888; x_wconf 93' lang='lat' dir='ltr'>non</span> <span class='ocrx_word' id='word_1_104' title='bbox 844 1823 1004 1906; x_wconf 89' lang='lat' dir='ltr'>ingratum</span> <span class='ocrx_word' id='word_1_105' title='bbox 1032 1823 1193 1907; x_wconf 89' lang='lat' dir='ltr'>plerisque</span> <span class='ocrx_word' id='word_1_106' title='bbox 1221 1823 1378 1889; x_wconf 82' lang='lat' dir='ltr'>facturum</span> <span class='ocrx_word' id='word_1_107' title='bbox 1407 1843 1457 1888; x_wconf 92' lang='lat' dir='ltr'>me</span> 
     </span>
     <span class='ocr_line' id='line_1_15' title="bbox 320 1925 1455 2014; baseline 0.001 -23"><span class='ocrx_word' id='word_1_108' title='bbox 320 1925 461 2006; x_wconf 91' lang='lat' dir='ltr'>credidi,</span> <span class='ocrx_word' id='word_1_109' title='bbox 496 1925 524 1990; x_wconf 92' lang='lat' dir='ltr'>si</span> <span class='ocrx_word' id='word_1_110' title='bbox 554 1945 611 1990; x_wconf 89' lang='lat' dir='ltr'>eas</span> <span class='ocrx_word' id='word_1_111' title='bbox 640 1945 765 2008; x_wconf 90' lang='lat' dir='ltr'>quoque</span> <span class='ocrx_word' id='word_1_112' title='bbox 794 1925 971 2014; x_wconf 85' lang='lat' dir='ltr'>Florentini</span> <span class='ocrx_word' id='word_1_113' title='bbox 999 1931 1031 1991; x_wconf 88' lang='lat' dir='ltr'>et</span> <span class='ocrx_word' id='word_1_114' title='bbox 1057 1926 1261 1991; x_wconf 89' lang='lat' dir='ltr'>Ambrosiani</span> <span class='ocrx_word' id='word_1_115' title='bbox 1290 1927 1455 2008; x_wconf 88' lang='lat' dir='ltr'>lectiones,</span> 
     </span>
     <span class='ocr_line' id='line_1_16' title="bbox 319 2028 1456 2113; baseline 0.002 -21"><span class='ocrx_word' id='word_1_116' title='bbox 319 2049 401 2110; x_wconf 91' lang='lat' dir='ltr'>quas</span> <span class='ocrx_word' id='word_1_117' title='bbox 423 2028 659 2094; x_wconf 86' lang='lat' dir='ltr'>Herwerdenus</span> <span class='ocrx_word' id='word_1_118' title='bbox 687 2029 721 2092; x_wconf 94' lang='lat' dir='ltr'>in</span> <span class='ocrx_word' id='word_1_119' title='bbox 750 2029 889 2094; x_wconf 88' lang='lat' dir='ltr'>editione</span> <span class='ocrx_word' id='word_1_120' title='bbox 911 2029 1029 2113; x_wconf 87' lang='lat' dir='ltr'>Lysiae</span> <span class='ocrx_word' id='word_1_121' title='bbox 1060 2031 1237 2094; x_wconf 90' lang='lat' dir='ltr'>orationum</span> <span class='ocrx_word' id='word_1_122' title='bbox 1266 2031 1456 2096; x_wconf 88' lang='lat' dir='ltr'>selectarum</span> 
     </span>
     <span class='ocr_line' id='line_1_17' title="bbox 319 2131 1457 2217; baseline 0.002 -21"><span class='ocrx_word' id='word_1_123' title='bbox 319 2133 441 2217; x_wconf 90' lang='lat' dir='ltr'>primus</span> <span class='ocrx_word' id='word_1_124' title='bbox 462 2132 671 2217; x_wconf 79' lang='lat' dir='ltr'>pervulgarit,</span> <span class='ocrx_word' id='word_1_125' title='bbox 699 2131 1045 2212; x_wconf 89' lang='lat' dir='ltr'>denuoexscriberem;</span> <span class='ocrx_word' id='word_1_126' title='bbox 1076 2133 1132 2198; x_wconf 90' lang='lat' dir='ltr'>ille</span> <span class='ocrx_word' id='word_1_127' title='bbox 1149 2135 1234 2199; x_wconf 92' lang='lat' dir='ltr'>enim</span> <span class='ocrx_word' id='word_1_128' title='bbox 1257 2134 1399 2214; x_wconf 90' lang='lat' dir='ltr'>libellus,</span> <span class='ocrx_word' id='word_1_129' title='bbox 1425 2134 1457 2198; x_wconf 92' lang='lat' dir='ltr'>ni</span> 
     </span>
     <span class='ocr_line' id='line_1_18' title="bbox 316 2235 1459 2320; baseline 0.001 -21"><span class='ocrx_word' id='word_1_130' title='bbox 316 2235 426 2319; x_wconf 86' lang='lat' dir='ltr'>¹fallor,</span> <span class='ocrx_word' id='word_1_131' title='bbox 453 2242 485 2301; x_wconf 87' lang='lat' dir='ltr'>et</span> <span class='ocrx_word' id='word_1_132' title='bbox 498 2235 533 2301; x_wconf 92' lang='lat' dir='ltr'>in</span> <span class='ocrx_word' id='word_1_133' title='bbox 547 2235 731 2320; x_wconf 86' lang='lat' dir='ltr'>pauciorum</span> <span class='ocrx_word' id='word_1_134' title='bbox 746 2235 895 2300; x_wconf 92' lang='lat' dir='ltr'>manibus</span> <span class='ocrx_word' id='word_1_135' title='bbox 911 2241 1057 2300; x_wconf 89' lang='lat' dir='ltr'>versatur</span> <span class='ocrx_word' id='word_1_136' title='bbox 1073 2242 1105 2300; x_wconf 90' lang='lat' dir='ltr'>et</span> <span class='ocrx_word' id='word_1_137' title='bbox 1120 2235 1228 2319; x_wconf 92' lang='lat' dir='ltr'>hahet,</span> <span class='ocrx_word' id='word_1_138' title='bbox 1250 2256 1333 2318; x_wconf 92' lang='lat' dir='ltr'>quae</span> <span class='ocrx_word' id='word_1_139' title='bbox 1349 2257 1459 2302; x_wconf 88' lang='lat' dir='ltr'>emen-</span> 
     </span>
     <span class='ocr_line' id='line_1_19' title="bbox 320 2337 646 2420; baseline 0 -18"><span class='ocrx_word' id='word_1_140' title='bbox 320 2339 449 2404; x_wconf 88' lang='lat' dir='ltr'>datione</span> <span class='ocrx_word' id='word_1_141' title='bbox 471 2337 646 2420; x_wconf 76' lang='lat' dir='ltr'>indIgeant.</span> 
     </span>
    </p>
   </div>
   <div class='ocr_carea' id='block_1_5' title="bbox 297 2577 1460 3489">
    <p class='ocr_par' dir='ltr' id='par_1_5' title="bbox 297 2577 1460 3489">
     <span class='ocr_line' id='line_1_20' title="bbox 407 2577 1457 2662; baseline -0.001 -19"><span class='ocrx_word' id='word_1_142' title='bbox 407 2578 537 2644; x_wconf 92' lang='lat' dir='ltr'>Initium</span> <span class='ocrx_word' id='word_1_143' title='bbox 560 2577 702 2643; x_wconf 85' lang='lat' dir='ltr'>facturus</span> <span class='ocrx_word' id='word_1_144' title='bbox 722 2578 943 2659; x_wconf 85' lang='lat' dir='ltr'>quaestionum</span> <span class='ocrx_word' id='word_1_145' title='bbox 964 2599 1028 2643; x_wconf 91' lang='lat' dir='ltr'>non</span> <span class='ocrx_word' id='word_1_146' title='bbox 1050 2597 1181 2662; x_wconf 90' lang='lat' dir='ltr'>possum</span> <span class='ocrx_word' id='word_1_147' title='bbox 1203 2598 1266 2643; x_wconf 90' lang='lat' dir='ltr'>non</span> <span class='ocrx_word' id='word_1_148' title='bbox 1288 2597 1330 2643; x_wconf 89' lang='lat' dir='ltr'>ex</span> <span class='ocrx_word' id='word_1_149' title='bbox 1352 2577 1457 2643; x_wconf 90' lang='lat' dir='ltr'>animo</span> 
     </span>
     <span class='ocr_line' id='line_1_21' title="bbox 322 2680 1459 2766; baseline -0.002 -20"><span class='ocrx_word' id='word_1_150' title='bbox 322 2682 458 2766; x_wconf 82' lang='lat' dir='ltr'>gratiam</span> <span class='ocrx_word' id='word_1_151' title='bbox 487 2681 608 2747; x_wconf 88' lang='lat' dir='ltr'>referre</span> <span class='ocrx_word' id='word_1_152' title='bbox 631 2681 709 2746; x_wconf 92' lang='lat' dir='ltr'>viris</span> <span class='ocrx_word' id='word_1_153' title='bbox 732 2680 926 2746; x_wconf 89' lang='lat' dir='ltr'>doctissimis</span> <span class='ocrx_word' id='word_1_154' title='bbox 953 2681 1276 2766; x_wconf 89' lang='lat' dir='ltr'>praeceptoribusque</span> <span class='ocrx_word' id='word_1_155' title='bbox 1305 2681 1387 2746; x_wconf 91' lang='lat' dir='ltr'>meis</span> <span class='ocrx_word' id='word_1_156' title='bbox 1410 2681 1459 2746; x_wconf 93' lang='lat' dir='ltr'>di-</span> 
     </span>
     <span class='ocr_line' id='line_1_22' title="bbox 320 2783 1458 2866; baseline -0.004 -16"><span class='ocrx_word' id='word_1_157' title='bbox 320 2785 504 2850; x_wconf 89' lang='lat' dir='ltr'>lectissimis</span> <span class='ocrx_word' id='word_1_158' title='bbox 527 2784 664 2850; x_wconf 86' lang='lat' dir='ltr'>Rudolfo</span> <span class='ocrx_word' id='word_1_159' title='bbox 687 2784 847 2850; x_wconf 87' lang='lat' dir='ltr'>Schoellio</span> <span class='ocrx_word' id='word_1_160' title='bbox 877 2792 909 2850; x_wconf 91' lang='lat' dir='ltr'>et</span> <span class='ocrx_word' id='word_1_161' title='bbox 931 2785 1091 2850; x_wconf 83' lang='lat' dir='ltr'>Guilelmo</span> <span class='ocrx_word' id='word_1_162' title='bbox 1119 2784 1369 2865; x_wconf 84' lang='lat' dir='ltr'>Studemundio,</span> <span class='ocrx_word' id='word_1_163' title='bbox 1404 2783 1458 2866; x_wconf 93' lang='lat' dir='ltr'>qui</span> 
     </span>
     <span class='ocr_line' id='line_1_23' title="bbox 320 2887 1459 2972; baseline -0.001 -19"><span class='ocrx_word' id='word_1_164' title='bbox 320 2889 478 2972; x_wconf 84' lang='lat' dir='ltr'>singulari</span> <span class='ocrx_word' id='word_1_165' title='bbox 501 2910 573 2954; x_wconf 92' lang='lat' dir='ltr'>cum</span> <span class='ocrx_word' id='word_1_166' title='bbox 596 2888 793 2970; x_wconf 88' lang='lat' dir='ltr'>benignitate</span> <span class='ocrx_word' id='word_1_167' title='bbox 816 2894 848 2953; x_wconf 88' lang='lat' dir='ltr'>et</span> <span class='ocrx_word' id='word_1_168' title='bbox 870 2909 904 2953; x_wconf 90' lang='lat' dir='ltr'>re</span> <span class='ocrx_word' id='word_1_169' title='bbox 928 2895 960 2953; x_wconf 89' lang='lat' dir='ltr'>et</span> <span class='ocrx_word' id='word_1_170' title='bbox 982 2907 1079 2972; x_wconf 90' lang='lat' dir='ltr'>opera</span> <span class='ocrx_word' id='word_1_171' title='bbox 1102 2896 1135 2952; x_wconf 90' lang='lat' dir='ltr'>et</span> <span class='ocrx_word' id='word_1_172' title='bbox 1156 2887 1367 2972; x_wconf 91' lang='lat' dir='ltr'>prudentibus</span> <span class='ocrx_word' id='word_1_173' title='bbox 1383 2908 1459 2952; x_wconf 92' lang='lat' dir='ltr'>con-</span> 
     </span>
     <span class='ocr_line' id='line_1_24' title="bbox 297 2990 1458 3075; baseline -0.003 -18"><span class='ocrx_word' id='word_1_174' title='bbox 297 2992 401 3058; x_wconf 84' lang='lat' dir='ltr'>siliis</span> <span class='ocrx_word' id='word_1_175' title='bbox 431 3013 482 3058; x_wconf 90' lang='lat' dir='ltr'>me</span> <span class='ocrx_word' id='word_1_176' title='bbox 505 2991 698 3057; x_wconf 90' lang='lat' dir='ltr'>adiuverunt</span> <span class='ocrx_word' id='word_1_177' title='bbox 727 2991 916 3075; x_wconf 89' lang='lat' dir='ltr'>rogantique</span> <span class='ocrx_word' id='word_1_178' title='bbox 947 3011 1111 3073; x_wconf 92' lang='lat' dir='ltr'>nunquam</span> <span class='ocrx_word' id='word_1_179' title='bbox 1134 2990 1316 3056; x_wconf 79' lang='lat' dir='ltr'>defuerunt.</span> <span class='ocrx_word' id='word_1_180' title='bbox 1364 2991 1458 3056; x_wconf 82' lang='lat' dir='ltr'>Corn-</span> 
     </span>
     <span class='ocr_line' id='line_1_25' title="bbox 320 3095 1460 3177; baseline -0.002 -17"><span class='ocrx_word' id='word_1_181' title='bbox 320 3096 480 3161; x_wconf 90' lang='lat' dir='ltr'>militonss</span> <span class='ocrx_word' id='word_1_182' title='bbox 503 3097 639 3161; x_wconf 88' lang='lat' dir='ltr'>alterum</span> <span class='ocrx_word' id='word_1_183' title='bbox 658 3095 876 3160; x_wconf 87' lang='lat' dir='ltr'>Florentinum</span> <span class='ocrx_word' id='word_1_184' title='bbox 896 3095 1066 3160; x_wconf 90' lang='lat' dir='ltr'>Hectorem</span> <span class='ocrx_word' id='word_1_185' title='bbox 1082 3095 1157 3159; x_wconf 90' lang='lat' dir='ltr'>Pais</span> <span class='ocrx_word' id='word_1_186' title='bbox 1180 3095 1317 3160; x_wconf 89' lang='lat' dir='ltr'>alterum</span> <span class='ocrx_word' id='word_1_187' title='bbox 1332 3095 1460 3177; x_wconf 86' lang='lat' dir='ltr'>Argen-</span> 
     </span>
     <span class='ocr_line' id='line_1_26' title="bbox 320 3197 1459 3282; baseline -0.001 -19"><span class='ocrx_word' id='word_1_188' title='bbox 320 3205 514 3264; x_wconf 90' lang='lat' dir='ltr'>toratensem</span> <span class='ocrx_word' id='word_1_189' title='bbox 536 3199 757 3263; x_wconf 90' lang='lat' dir='ltr'>Hermannum</span> <span class='ocrx_word' id='word_1_190' title='bbox 780 3197 903 3279; x_wconf 81' lang='lat' dir='ltr'>Grohn,</span> <span class='ocrx_word' id='word_1_191' title='bbox 938 3219 1010 3262; x_wconf 92' lang='lat' dir='ltr'>cum</span> <span class='ocrx_word' id='word_1_192' title='bbox 1039 3197 1153 3282; x_wconf 91' lang='lat' dir='ltr'>paucis</span> <span class='ocrx_word' id='word_1_193' title='bbox 1182 3197 1261 3262; x_wconf 90' lang='lat' dir='ltr'>locis</span> <span class='ocrx_word' id='word_1_194' title='bbox 1284 3197 1325 3262; x_wconf 94' lang='lat' dir='ltr'>de</span> <span class='ocrx_word' id='word_1_195' title='bbox 1346 3197 1459 3263; x_wconf 88' lang='lat' dir='ltr'>lectio-</span> 
     </span>
     <span class='ocr_line' id='line_1_27' title="bbox 321 3300 1458 3382; baseline -0.003 -16"><span class='ocrx_word' id='word_1_196' title='bbox 321 3303 416 3367; x_wconf 89' lang='lat' dir='ltr'>nibus</span> <span class='ocrx_word' id='word_1_197' title='bbox 432 3301 622 3382; x_wconf 91' lang='lat' dir='ltr'>dubitarem,</span> <span class='ocrx_word' id='word_1_198' title='bbox 649 3321 774 3365; x_wconf 91' lang='lat' dir='ltr'>summa</span> <span class='ocrx_word' id='word_1_199' title='bbox 796 3321 868 3366; x_wconf 90' lang='lat' dir='ltr'>cum</span> <span class='ocrx_word' id='word_1_200' title='bbox 885 3301 1035 3366; x_wconf 89' lang='lat' dir='ltr'>comitate</span> <span class='ocrx_word' id='word_1_201' title='bbox 1058 3300 1184 3366; x_wconf 90' lang='lat' dir='ltr'>codices</span> <span class='ocrx_word' id='word_1_202' title='bbox 1199 3300 1329 3366; x_wconf 89' lang='lat' dir='ltr'>Italicos</span> <span class='ocrx_word' id='word_1_203' title='bbox 1352 3321 1458 3365; x_wconf 91' lang='lat' dir='ltr'>meum</span> 
     </span>
     <span class='ocr_line' id='line_1_28' title="bbox 319 3403 1228 3489; baseline -0.004 -19"><span class='ocrx_word' id='word_1_204' title='bbox 319 3406 353 3470; x_wconf 93' lang='lat' dir='ltr'>in</span> <span class='ocrx_word' id='word_1_205' title='bbox 377 3426 480 3479; x_wconf 29' lang='lat' dir='ltr'>usum,</span> <span class='ocrx_word' id='word_1_206' title='bbox 495 3405 598 3469; x_wconf 90' lang='lat' dir='ltr'>denuo</span> <span class='ocrx_word' id='word_1_207' title='bbox 620 3403 801 3488; x_wconf 85' lang='lat' dir='ltr'>inspexisse</span> <span class='ocrx_word' id='word_1_208' title='bbox 824 3409 915 3487; x_wconf 89' lang='lat' dir='ltr'>grato</span> <span class='ocrx_word' id='word_1_209' title='bbox 938 3404 1045 3469; x_wconf 91' lang='lat' dir='ltr'>animo</span> <span class='ocrx_word' id='word_1_210' title='bbox 1068 3403 1228 3489; x_wconf 90' lang='lat' dir='ltr'>profiteor.</span> 
     </span>
    </p>
   </div>
   <div class='ocr_carea' id='block_1_6' title="bbox 320 3626 1460 4126">
    <p class='ocr_par' dir='ltr' id='par_1_6' title="bbox 320 3626 1460 4126">
     <span class='ocr_line' id='line_1_29' title="bbox 393 3626 1458 3696; baseline -0.002 -17"><span class='ocrx_word' id='word_1_211' title='bbox 393 3629 410 3691; x_wconf 90' lang='lat'>¹)</span> <span class='ocrx_word' id='word_1_212' title='bbox 430 3626 462 3680; x_wconf 94' lang='lat' dir='ltr'>In</span> <span class='ocrx_word' id='word_1_213' title='bbox 481 3628 578 3681; x_wconf 89' lang='lat' dir='ltr'>eadem</span> <span class='ocrx_word' id='word_1_214' title='bbox 596 3631 677 3696; x_wconf 89' lang='lat' dir='ltr'>parte</span> <span class='ocrx_word' id='word_1_215' title='bbox 701 3627 786 3680; x_wconf 89' lang='lat' dir='ltr'>etiam</span> <span class='ocrx_word' id='word_1_216' title='bbox 809 3627 1000 3696; x_wconf 88' lang='lat' dir='ltr'>metaphrases</span> <span class='ocrx_word' id='word_1_217' title='bbox 1019 3627 1141 3680; x_wconf 90' lang='lat' dir='ltr'>locorum</span> <span class='ocrx_word' id='word_1_218' title='bbox 1162 3627 1338 3680; x_wconf 88' lang='lat' dir='ltr'>laudatorum</span> <span class='ocrx_word' id='word_1_219' title='bbox 1363 3626 1458 3680; x_wconf 87' lang='lat' dir='ltr'>sedem</span> 
     </span>
     <span class='ocr_line' id='line_1_30' title="bbox 321 3713 1460 3784; baseline -0.003 -17"><span class='ocrx_word' id='word_1_220' title='bbox 321 3713 423 3768; x_wconf 88' lang='lat' dir='ltr'>habere</span> <span class='ocrx_word' id='word_1_221' title='bbox 441 3714 518 3767; x_wconf 91' lang='lat' dir='ltr'>volui</span> <span class='ocrx_word' id='word_1_222' title='bbox 548 3716 558 3779; x_wconf 85' lang='grc' dir='ltr'>ΙΙ</span> <span class='ocrx_word' id='word_1_223' title='bbox 595 3713 613 3777; x_wconf 75' lang='lat'>²)</span> <span class='ocrx_word' id='word_1_224' title='bbox 635 3713 678 3766; x_wconf 91' lang='lat' dir='ltr'>De</span> <span class='ocrx_word' id='word_1_225' title='bbox 690 3713 820 3784; x_wconf 91' lang='lat' dir='ltr'>Dionysii</span> <span class='ocrx_word' id='word_1_226' title='bbox 839 3713 990 3780; x_wconf 85' lang='lat' dir='ltr'>exemplari</span> <span class='ocrx_word' id='word_1_227' title='bbox 1009 3713 1152 3767; x_wconf 89' lang='lat' dir='ltr'>Isocrateo</span> <span class='ocrx_word' id='word_1_228' title='bbox 1171 3713 1308 3782; x_wconf 88' lang='lat' dir='ltr'>quaestio,</span> <span class='ocrx_word' id='word_1_229' title='bbox 1330 3727 1412 3781; x_wconf 91' lang='lat' dir='ltr'>quam</span> <span class='ocrx_word' id='word_1_230' title='bbox 1431 3718 1460 3765; x_wconf 89' lang='lat' dir='ltr'>et</span> 
     </span>
     <span class='ocr_line' id='line_1_31' title="bbox 320 3796 1460 3868; baseline -0.003 -16"><span class='ocrx_word' id='word_1_231' title='bbox 320 3800 382 3868; x_wconf 88' lang='lat' dir='ltr'>ipse</span> <span class='ocrx_word' id='word_1_232' title='bbox 398 3797 539 3863; x_wconf 85' lang='lat' dir='ltr'>incohavi,</span> <span class='ocrx_word' id='word_1_233' title='bbox 560 3814 577 3851; x_wconf 87' lang='lat' dir='ltr'>a</span> <span class='ocrx_word' id='word_1_234' title='bbox 595 3796 626 3852; x_wconf 86' lang='lat' dir='ltr'>O.</span> <span class='ocrx_word' id='word_1_235' title='bbox 640 3797 744 3852; x_wconf 87' lang='lat' dir='ltr'>Fuhrio</span> <span class='ocrx_word' id='word_1_236' title='bbox 767 3799 845 3864; x_wconf 90' lang='lat' dir='ltr'>(Mus.</span> <span class='ocrx_word' id='word_1_237' title='bbox 860 3799 950 3852; x_wconf 88' lang='lat' dir='ltr'>Rhcn.</span> <span class='ocrx_word' id='word_1_238' title='bbox 966 3797 1094 3852; x_wconf 87' lang='lat' dir='ltr'>XXXIII</span> <span class='ocrx_word' id='word_1_239' title='bbox 1113 3799 1196 3863; x_wconf 77' lang='lat' dir='ltr'>326ss)</span> <span class='ocrx_word' id='word_1_240' title='bbox 1216 3813 1306 3866; x_wconf 89' lang='lat' dir='ltr'>nuper</span> <span class='ocrx_word' id='word_1_241' title='bbox 1324 3801 1460 3864; x_wconf 85' lang='lat' dir='ltr'>occupata</span> 
     </span>
     <span class='ocr_line' id='line_1_32' title="bbox 322 3882 1459 3952; baseline -0.004 -13"><span class='ocrx_word' id='word_1_242' title='bbox 322 3891 380 3948; x_wconf 86' lang='lat' dir='ltr'>est;</span> <span class='ocrx_word' id='word_1_243' title='bbox 406 3885 485 3938; x_wconf 92' lang='lat' dir='ltr'>cuius</span> <span class='ocrx_word' id='word_1_244' title='bbox 505 3901 540 3938; x_wconf 90' lang='lat' dir='ltr'>ex</span> <span class='ocrx_word' id='word_1_245' title='bbox 558 3885 762 3952; x_wconf 88' lang='lat' dir='ltr'>disceptatione</span> <span class='ocrx_word' id='word_1_246' title='bbox 782 3885 873 3938; x_wconf 89' lang='lat' dir='ltr'>denuo</span> <span class='ocrx_word' id='word_1_247' title='bbox 892 3884 1018 3938; x_wconf 86' lang='lat' dir='ltr'>intellexi</span> <span class='ocrx_word' id='word_1_248' title='bbox 1036 3884 1161 3937; x_wconf 86' lang='lat' dir='ltr'>codicem</span> <span class='ocrx_word' id='word_1_249' title='bbox 1179 3882 1396 3937; x_wconf 87' lang='lat' dir='ltr'>Ambrosianum</span> <span class='ocrx_word' id='word_1_250' title='bbox 1414 3898 1459 3935; x_wconf 84' lang='lat' dir='ltr'>ra-</span> 
     </span>
     <span class='ocr_line' id='line_1_33' title="bbox 320 3969 1457 4038; baseline -0.004 -14"><span class='ocrx_word' id='word_1_251' title='bbox 320 3971 430 4025; x_wconf 88' lang='lat' dir='ltr'>rissime</span> <span class='ocrx_word' id='word_1_252' title='bbox 449 3987 464 4024; x_wconf 88' lang='lat' dir='ltr'>e</span> <span class='ocrx_word' id='word_1_253' title='bbox 482 3971 583 4024; x_wconf 89' lang='lat' dir='ltr'>ceteris</span> <span class='ocrx_word' id='word_1_254' title='bbox 603 3971 728 4024; x_wconf 86' lang='lat' dir='ltr'>eiusdem</span> <span class='ocrx_word' id='word_1_255' title='bbox 746 3969 870 4024; x_wconf 87' lang='lat' dir='ltr'>familiae</span> <span class='ocrx_word' id='word_1_256' title='bbox 892 3971 971 4025; x_wconf 88' lang='lat' dir='ltr'>libris</span> <span class='ocrx_word' id='word_1_257' title='bbox 996 3971 1108 4038; x_wconf 87' lang='lat' dir='ltr'>corrigi.</span> <span class='ocrx_word' id='word_1_258' title='bbox 1147 3971 1190 4024; x_wconf 86' lang='lat' dir='ltr'>Da</span> <span class='ocrx_word' id='word_1_259' title='bbox 1209 3969 1339 4038; x_wconf 89' lang='lat' dir='ltr'>Dionysii</span> <span class='ocrx_word' id='word_1_260' title='bbox 1364 3983 1457 4022; x_wconf 86' lang='lat' dir='ltr'>exem-</span> 
     </span>
     <span class='ocr_line' id='line_1_34' title="bbox 321 4055 1413 4126; baseline -0.002 -18"><span class='ocrx_word' id='word_1_261' title='bbox 321 4057 392 4124; x_wconf 88' lang='lat' dir='ltr'>plari</span> <span class='ocrx_word' id='word_1_262' title='bbox 411 4055 628 4110; x_wconf 89' lang='lat' dir='ltr'>Demosthenico</span> <span class='ocrx_word' id='word_1_263' title='bbox 647 4057 839 4126; x_wconf 88' lang='lat' dir='ltr'>quaestionem</span> <span class='ocrx_word' id='word_1_264' title='bbox 858 4056 971 4110; x_wconf 85' lang='lat' dir='ltr'>differre</span> <span class='ocrx_word' id='word_1_265' title='bbox 990 4061 1144 4123; x_wconf 89' lang='lat' dir='ltr'>temporum</span> <span class='ocrx_word' id='word_1_266' title='bbox 1163 4055 1301 4123; x_wconf 88' lang='lat' dir='ltr'>angustiis</span> <span class='ocrx_word' id='word_1_267' title='bbox 1320 4069 1413 4122; x_wconf 86' lang='lat' dir='ltr'>cogor.</span> 
     </span>
    </p>
   </div>
   <div class='ocr_carea' id='block_1_7' title="bbox 0 0 1632 5140">
    <p class='ocr_par' dir='ltr' id='par_1_7' title="bbox 0 0 1632 5140">
     <span class='ocr_line' id='line_1_35' title="bbox 0 0 1632 5140; baseline 0 0"><span class='ocrx_word' id='word_1_268' title='bbox 0 0 1632 5140; x_wconf 95' lang='lat' dir='ltr'> </span> 
     </span>
    </p>
   </div>
  </div>
 </body>
</html>
