3250 5146
342 361 361 420 o
790 395 834 402 -
882 359 944 440 [oo]
992 393 1035 403 -

341 545 498 612 stadiensi
528 565 549 610 a
577 543 738 610 Friderieo
766 545 914 610 Hanovio
939 544 1069 629 Lipsiae
1097 565 1127 610 a.
1155 547 1237 610 1868
1267 547 1405 628 editam,
1439 548 1480 612 ad

340 668 421 732 quas
444 648 554 733 copias
576 648 729 714 lectiones
752 648 909 714 accedunt
931 667 949 713 e
971 647 1228 714 Darmstadiensi
1255 649 1360 717 denuo
1386 671 1479 717 aceu-

340 751 502 818 ratissime
530 751 646 816 collato
674 750 921 816 aFerdinando
947 750 1094 817 Bendero
1121 751 1155 816 in
1176 752 1260 818 llus.
1285 753 1387 819 Rben.
1413 755 1475 819 vol.
1601 765 1603 796 ⁴

341 857 451 922 XXIV
473 876 506 940 p.
525 858 617 920 597ss
635 855 826 938 exscriptae.
866 854 1013 937 Denique
1039 855 1093 938 qui
1115 875 1217 940 nuper
1226 857 1245 936 ¹)
1275 856 1403 934 „studia
1417 858 1479 924 cri-
1602 859 1603 898 i

339 962 404 1027 tica
433 960 466 1025 in
495 959 644 1044 Dionysii
665 957 962 1026 Halicamassensis
991 978 1092 1043 opera
1119 958 1295 1025 rhetorica“
1328 960 1429 1026 edidit
1449 963 1475 1024 l.

339 1085 402 1129 van
425 1065 483 1130 der
504 1063 591 1128 Vliet
612 1062 721 1130 libello
742 1061 914 1127 lectionum
935 1061 1124 1127 varietatem
1146 1062 1291 1144 subiecit,
1321 1084 1417 1146 quam
1440 1085 1479 1130 ex

339 1169 497 1254 epitomae
520 1167 628 1250 aliquo
650 1165 826 1250 exemplari
840 1166 973 1230 isaacus
988 1165 1120 1230 Vossius
1142 1165 1218 1230 olim
1239 1165 1274 1231 in
1288 1167 1478 1233 Bireoviana
1602 1209 1603 1220 .

338 1272 478 1356 quadam
500 1270 573 1336 libri
595 1269 636 1338 de
658 1288 686 1334 c.
704 1290 735 1334 v.
762 1267 901 1336 editione
923 1287 1006 1352 quae
1028 1289 1114 1334 nunc
1135 1269 1168 1334 in
1190 1269 1383 1338 bibliotheca
1403 1271 1478 1338 Lei-

338 1375 430 1442 densi
460 1380 645 1440 asservatur
667 1371 839 1456 diligenter
863 1377 1059 1438 enotaverat.
1105 1371 1279 1456 Exemplar
1307 1373 1388 1439 illud
1409 1375 1477 1439 Mo-
1601 1405 1603 1452 f

338 1476 468 1543 naoensi
496 1475 635 1540 maxime
663 1473 762 1540 affine
792 1473 870 1554 fuit,
903 1473 961 1539 sed
990 1473 1120 1558 propria
1147 1473 1243 1540 etiam
1272 1484 1397 1560 praeter
1424 1496 1476 1542 ce·
1601 1539 1603 1566 A

337 1588 421 1646 teros
451 1578 611 1663 epitomae
639 1576 737 1642 libros
769 1576 854 1642 bona
881 1575 995 1654 habet;
1036 1576 1077 1640 ef.
1102 1596 1130 1641 e.
1155 1595 1187 1660 g.
1213 1597 1247 1661 p.
1266 1581 1334 1642 7510
1362 1579 1472 1644 Rsisk.
1601 1571 1603 1626 l

338 1713 380 1772 j:
395 1682 461 1747 ind.
480 1680 580 1746 schol.
600 1680 702 1744 Bonn.
727 1699 760 1763 p.
775 1678 868 1744 XVII
888 1697 973 1744 vers.
992 1681 1033 1741 29
1056 1675 1116 1743 τὸν
1132 1685 1192 1744 τοῦ
1207 1677 1401 1762 πνεύματος
1417 1675 1475 1746 οὐκ
1601 1671 1603 1692 ⁸

337 1780 530 1850 ἀποκόπτει
552 1779 662 1865 τόνον]
689 1802 758 1846 var.
776 1781 872 1846 lect:
898 1774 957 1846 οὐκ
974 1774 1166 1846 ἀποκόπτει
1180 1777 1281 1846 τόνον
1302 1782 1477 1850 scholiasta

336 1886 559 1970 Hermogenis,
579 1883 814 1950 Laurentianus
825 1883 959 1963 LIX15,
981 1883 1089 1948 Vossii
1104 1882 1205 1950 codex
1220 1885 1393 1969 epitomae;
1416 1879 1475 1950 οὐκ

264 1994 267 2000 ’
337 1985 530 2056 ἀποκόπτει
550 1986 676 2074 χρόνον
703 1984 873 2072 (φθόγγον
892 2007 958 2072 mg.
981 1986 1052 2054 cod.
1078 1988 1275 2068 Darmstad.}
1309 1988 1471 2073 Epitoma:

337 2089 603 2160 obsecundaret
625 2088 686 2155 τὸν
707 2087 808 2156 τόνον
830 2090 997 2155 Parisinus
1018 2094 1161 2170 n.1741,
1188 2089 1471 2176 Guelferbytanus

335 2198 478 2263 Venetus
500 2195 684 2260 Marcianus
700 2196 774 2273 508,
800 2194 933 2276 volgata
956 2194 994 2258 R.
1013 2192 1180 2278 Stephani.

421 2299 472 2366 Ad
507 2306 607 2366 artem
641 2297 830 2362 rhetoricam
865 2296 1099 2364 emendandam
1132 2297 1283 2362 librorum
1317 2297 1470 2380 subsidia,

335 2402 421 2486 quod
443 2402 553 2481 seiam,
587 2407 715 2485 praesto
741 2419 806 2466 non
828 2406 902 2466 sunt
925 2400 1068 2486 exeeptis
1091 2401 1138 2466 eis
1161 2400 1360 2482 lectionibus,
1394 2421 1474 2484 quas

333 2507 367 2572 in
395 2504 615 2590 Sylburgiaua
643 2503 781 2587 quadam
810 2502 943 2588 Lipsiae
969 2503 1004 2568 iu
1034 2502 1227 2570 bibliotheca
1260 2511 1427 2571 asservata
1456 2526 1474 2571 e
1601 2539 1602 2548 .

333 2607 482 2674 Dudithii
497 2607 675 2691 exemplari
684 2608 705 2688 ²)
739 2627 759 2670 a
782 2605 890 2672 nescio
912 2625 975 2688 quo
991 2612 1138 2672 enotatas
1161 2606 1201 2672 G.
1220 2607 1259 2672 Η.
1280 2607 1474 2674 Sebaeierus
1601 2619 1602 2652 ³

333 2712 367 2777 iu
395 2709 608 2778 meletematis
642 2708 684 2774 ad
716 2715 865 2792 quattuor
897 2708 1005 2794 priora
1037 2708 1116 2774 artis
1150 2709 1258 2796 capita
1291 2711 1471 2795 exscripsit.

334 2815 419 2880 Nota
449 2821 556 2878 autem
585 2811 704 2878 codicis
734 2811 924 2877 Dudithiani
952 2818 1002 2877 est
1021 2812 1059 2892 V,
1096 2832 1160 2894 quo
1182 2813 1329 2877 Veterem
1357 2813 1473 2878 librum

333 2914 507 3000 significari
530 2913 722 2980 Sohaelerus
744 2913 919 3000 perspexit.
967 2913 1133 2996 collatio-⁹³)
1166 2914 1305 2999 pertinet
1327 2914 1371 2979 ad
1392 2917 1472 2982 artis

333 3019 440 3106 capita
456 3017 586 3098 I-IX,
614 3017 655 3082 ad
677 3017 876 3101 prooemium
898 3016 971 3082 libri
994 3016 1036 3082 de
1054 3017 1194 3099 antiquis
1213 3017 1401 3097 oratoribus,
1427 3018 1473 3084 ita

332 3129 450 3213 tamen,
482 3127 517 3186 ut
540 3140 560 3184 a
582 3119 688 3186 verbis
712 3118 840 3184 demum
864 3113 883 3206 ἢ
905 3115 1082 3204 βάρβαρον
1103 3139 1137 3204 p.
1156 3123 1233 3182 4471
1253 3119 1365 3184 Reisk.
1391 3120 1471 3186 inei-

332 3224 411 3310 piat,
445 3223 487 3288 ad
515 3222 669 3288 iudicium
699 3221 739 3287 de
767 3223 877 3303 Isaeo,
911 3222 1002 3288 cuius
1031 3221 1143 3288 titulus
1165 3222 1199 3285 in
1221 3223 1249 3288 V
1272 3228 1322 3288 est
1347 3216 1470 3298 Ἰσαῖος

331 3326 525 3413 Ἀθηναῖος,
554 3323 692 3406 denique
715 3324 758 3389 ad
780 3324 933 3389 iudicium
956 3323 996 3390 de
1016 3325 1188 3407 Dinarcho,
1216 3326 1267 3390 cui
1288 3326 1471 3392 inscribitur
1600 3359 1601 3418 3

331 3429 420 3515 Περὶ
440 3424 642 3512 Δεινάρχου.
694 3427 777 3492 Eum
802 3427 926 3499 ¹librum
956 3428 997 3492 H.
1022 3428 1187 3513 Sauppius
1219 3429 1253 3494 in
1280 3428 1469 3512 fragmentis

329 3533 416 3598 Isaei
439 3537 472 3599 et
486 3529 640 3597 Dinarchi
662 3530 872 3596 emendandis
895 3530 1016 3616 passim
1034 3530 1192 3596 adhibuit.
1229 3532 1402 3598 Praeterea
1417 3551 1470 3597 eo-

330 3634 410 3700 diois
432 3633 585 3700 lectiones
609 3632 756 3718 epistulis
779 3634 821 3698 ad
836 3634 1025 3699 Ammaeum
1048 3635 1064 3700 Ι
1086 3641 1118 3698 et
1140 3633 1183 3700 ad
1205 3634 1265 3700 (ln.
1283 3635 1469 3720 Pompeium

330 3736 514 3821 adscriptae
537 3742 621 3817 sunt,
648 3754 781 3817 quarum
804 3756 886 3819 quae
902 3735 944 3801 ad
959 3735 1142 3802 Aristotelis
1160 3735 1342 3818 fragmenta
1363 3737 1468 3820 priore

400 3926 417 3988 ¹)
438 3922 756 3992 Lugduni-Batavorum
774 3922 1022 3979 MDCCCLXXIV
1065 3925 1076 3994 ΙΙ
1118 3923 1137 3986 ²)
1158 3921 1200 3977 cf.
1215 3923 1345 3993 Sylburg.
1370 3925 1426 3979 vol.
1440 3924 1468 3978 ll

328 4008 417 4078 praef.
444 4009 480 4064 ad
498 4007 665 4063 Duditbium
688 4007 796 4070 f01.1v;
826 4008 980 4064 Usenerum
1003 4010 1032 4063 in
1055 4025 1118 4064 ann.
1139 4008 1236 4078 philol.
1260 4011 1325 4062 1873
1343 4025 1370 4077 p.
1388 4011 1433 4062 151
1459 4012 1470 4078 ΙΙ

328 4096 348 4161 ³)
369 4095 482 4152 Veteris
502 4095 638 4150 lectiones
657 4109 672 4147 e
690 4093 846 4148 Reiskiana
865 4096 969 4163 sumpsi
991 4110 1062 4164 quae
1079 4095 1145 4150 olim
1164 4094 1384 4150 G.Wilmannsii
1403 4094 1467 4159 luit,

328 4183 407 4237 cuius
426 4183 454 4235 in
473 4181 598 4248 margine
616 4181 661 4234 vir
678 4181 779 4235 doctus
796 4181 892 4234 nescio
914 4183 977 4249 quis
995 4182 1101 4236 codicis
1122 4181 1257 4236 lectiones
1275 4182 1468 4250 discrepantes

328 4272 458 4324 accurate
477 4266 612 4321 enotavit.
