<?xml version="1.0" encoding="UTF-8"?>
<!DOCTYPE html PUBLIC "-//W3C//DTD XHTML 1.0 Transitional//EN"
    "http://www.w3.org/TR/xhtml1/DTD/xhtml1-transitional.dtd">
<html xmlns="http://www.w3.org/1999/xhtml" xml:lang="en" lang="en">
 <head>
  <title>
</title>
<meta http-equiv="Content-Type" content="text/html;charset=utf-8" />
  <meta name='ocr-system' content='tesseract 3.04.00' />
  <meta name='ocr-capabilities' content='ocr_page ocr_carea ocr_par ocr_line ocrx_word'/>
</head>
<body>
  <div class='ocr_page' id='page_1' title='image "./dedionysiihalic00sadgoog_0150.png"; bbox 0 0 3224 5140; ppageno 0'>
   <div class='ocr_carea' id='block_1_1' title="bbox 589 351 1290 436">
    <p class='ocr_par' dir='ltr' id='par_1_1' title="bbox 589 351 1290 436">
     <span class='ocr_line' id='line_1_1' title="bbox 589 351 1290 436; baseline -0.001 -19"><span class='ocrx_word' id='word_1_1' title='bbox 589 388 631 400; x_wconf 83' lang='lat'>—-</span> <span class='ocrx_word' id='word_1_2' title='bbox 680 351 763 436; x_wconf 74' lang='grc'>[229]</span> <span class='ocrx_word' id='word_1_3' title='bbox 812 388 853 400; x_wconf 83' lang='grc'>-</span> <span class='ocrx_word' id='word_1_4' title='bbox 1230 354 1290 417; x_wconf 80' lang='lat'>145</span> 
     </span>
    </p>
   </div>
   <div class='ocr_carea' id='block_1_2' title="bbox 152 538 1295 2094">
    <p class='ocr_par' dir='ltr' id='par_1_2' title="bbox 152 538 1295 2094">
     <span class='ocr_line' id='line_1_2' title="bbox 153 538 1293 631; baseline -0.002 -22"><span class='ocrx_word' id='word_1_5' title='bbox 153 543 194 610; x_wconf 85' lang='lat' dir='ltr'>de</span> <span class='ocrx_word' id='word_1_6' title='bbox 206 543 338 624; x_wconf 88' lang='lat' dir='ltr'>Thuc.),</span> <span class='ocrx_word' id='word_1_7' title='bbox 365 540 591 631; x_wconf 76' lang='grc' dir='ltr'><strong><em>ἐπιτροχάδην</em></strong></span> <span class='ocrx_word' id='word_1_8' title='bbox 608 538 828 630; x_wconf 80' lang='grc' dir='ltr'><em>ἀναλήψομαι</em></span> <span class='ocrx_word' id='word_1_9' title='bbox 848 549 914 608; x_wconf 83' lang='grc' dir='ltr'><strong><em>τῶν</em></strong></span> <span class='ocrx_word' id='word_1_10' title='bbox 929 547 1133 629; x_wconf 68' lang='grc' dir='ltr'><strong><em>προθέσεων</em></strong></span> <span class='ocrx_word' id='word_1_11' title='bbox 1149 539 1293 628; x_wconf 79' lang='grc' dir='ltr'><strong><em>ἑκάστην</em></strong></span> 
     </span>
     <span class='ocr_line' id='line_1_3' title="bbox 152 641 1292 733; baseline -0.001 -21"><span class='ocrx_word' id='word_1_12' title='bbox 152 645 292 724; x_wconf 82' lang='grc' dir='ltr'><strong><em>καὶτὰς</em></strong></span> <span class='ocrx_word' id='word_1_13' title='bbox 321 643 514 726; x_wconf 78' lang='grc' dir='ltr'><em>ἀποδείξεις</em></span> <span class='ocrx_word' id='word_1_14' title='bbox 541 649 743 733; x_wconf 78' lang='grc' dir='ltr'><strong><em>παρέξομαι,</em></strong></span> <span class='ocrx_word' id='word_1_15' title='bbox 776 645 936 732; x_wconf 67' lang='grc' dir='ltr'><strong><em>καθάπερ</em></strong></span> <span class='ocrx_word' id='word_1_16' title='bbox 965 641 1090 733; x_wconf 81' lang='grc' dir='ltr'><strong><em>ἠξίους.</em></strong></span> <span class='ocrx_word' id='word_1_17' title='bbox 1139 645 1185 711; x_wconf 80' lang='lat' dir='ltr'>Re</span> <span class='ocrx_word' id='word_1_18' title='bbox 1216 667 1292 712; x_wconf 84' lang='lat' dir='ltr'>vera</span> 
     </span>
     <span class='ocr_line' id='line_1_4' title="bbox 152 749 1292 836; baseline -0.003 -19"><span class='ocrx_word' id='word_1_19' title='bbox 152 753 342 835; x_wconf 88' lang='lat' dir='ltr'>opuseulum</span> <span class='ocrx_word' id='word_1_20' title='bbox 366 752 517 834; x_wconf 85' lang='lat' dir='ltr'>exiguum</span> <span class='ocrx_word' id='word_1_21' title='bbox 540 759 599 831; x_wconf 71' lang='lat' dir='ltr'>est</span> <span class='ocrx_word' id='word_1_22' title='bbox 626 751 816 834; x_wconf 79' lang='lat' dir='ltr'>singulaque</span> <span class='ocrx_word' id='word_1_23' title='bbox 839 750 994 818; x_wconf 91' lang='lat' dir='ltr'>idiomata</span> <span class='ocrx_word' id='word_1_24' title='bbox 1008 750 1120 836; x_wconf 83' lang='lat' dir='ltr'>paucis</span> <span class='ocrx_word' id='word_1_25' title='bbox 1136 749 1292 833; x_wconf 86' lang='lat' dir='ltr'>exemplis</span> 
     </span>
     <span class='ocr_line' id='line_1_5' title="bbox 152 853 1292 940; baseline -0.001 -21"><span class='ocrx_word' id='word_1_26' title='bbox 152 875 255 937; x_wconf 90' lang='lat' dir='ltr'>neque</span> <span class='ocrx_word' id='word_1_27' title='bbox 278 855 365 939; x_wconf 88' lang='lat' dir='ltr'>aptis</span> <span class='ocrx_word' id='word_1_28' title='bbox 387 856 573 940; x_wconf 90' lang='lat' dir='ltr'>plerumque</span> <span class='ocrx_word' id='word_1_29' title='bbox 595 854 795 919; x_wconf 88' lang='lat' dir='ltr'>illustrantur</span> <span class='ocrx_word' id='word_1_30' title='bbox 803 881 812 930; x_wconf 83' lang='lat'>3</span> <span class='ocrx_word' id='word_1_31' title='bbox 850 853 956 919; x_wconf 84' lang='lat' dir='ltr'><strong>rhetor</strong></span> <span class='ocrx_word' id='word_1_32' title='bbox 985 873 1056 918; x_wconf 91' lang='lat' dir='ltr'>cum</span> <span class='ocrx_word' id='word_1_33' title='bbox 1085 853 1191 918; x_wconf 90' lang='lat' dir='ltr'>brevis</span> <span class='ocrx_word' id='word_1_34' title='bbox 1220 872 1292 918; x_wconf 86' lang='lat' dir='ltr'>esse</span> 
     </span>
     <span class='ocr_line' id='line_1_6' title="bbox 153 943 1291 1041; baseline -0.003 -19"><span class='ocrx_word' id='word_1_35' title='bbox 153 959 261 1038; x_wconf 85' lang='lat' dir='ltr'>vellet,</span> <span class='ocrx_word' id='word_1_36' title='bbox 289 960 466 1041; x_wconf 82' lang='lat' dir='ltr'>neglegens</span> <span class='ocrx_word' id='word_1_37' title='bbox 489 943 593 1040; x_wconf 83' lang='lat' dir='ltr'>iactus</span> <span class='ocrx_word' id='word_1_38' title='bbox 616 961 682 1038; x_wconf 82' lang='lat' dir='ltr'>est,</span> <span class='ocrx_word' id='word_1_39' title='bbox 708 957 805 1039; x_wconf 93' lang='lat' dir='ltr'>idque</span> <span class='ocrx_word' id='word_1_40' title='bbox 829 958 993 1040; x_wconf 89' lang='lat' dir='ltr'>complura</span> <span class='ocrx_word' id='word_1_41' title='bbox 1014 957 1161 1040; x_wconf 91' lang='lat' dir='ltr'>probant.</span> <span class='ocrx_word' id='word_1_42' title='bbox 1208 956 1291 1020; x_wconf 86' lang='lat' dir='ltr'>Nam</span> 
     </span>
     <span class='ocr_line' id='line_1_7' title="bbox 154 1053 1293 1145; baseline -0.007 -19"><span class='ocrx_word' id='word_1_43' title='bbox 154 1062 262 1142; x_wconf 87' lang='lat' dir='ltr'>verba,</span> <span class='ocrx_word' id='word_1_44' title='bbox 290 1082 373 1143; x_wconf 87' lang='lat' dir='ltr'>quae</span> <span class='ocrx_word' id='word_1_45' title='bbox 394 1061 593 1145; x_wconf 86' lang='lat' dir='ltr'>Thucydidis</span> <span class='ocrx_word' id='word_1_46' title='bbox 617 1080 680 1124; x_wconf 94' lang='lat' dir='ltr'>non</span> <span class='ocrx_word' id='word_1_47' title='bbox 703 1067 787 1142; x_wconf 83' lang='lat' dir='ltr'>sunt,</span> <span class='ocrx_word' id='word_1_48' title='bbox 814 1060 845 1126; x_wconf 88' lang='lat' dir='ltr'>ei</span> <span class='ocrx_word' id='word_1_49' title='bbox 868 1061 995 1124; x_wconf 81' lang='lat' dir='ltr'>tribuit:</span> <span class='ocrx_word' id='word_1_50' title='bbox 1021 1053 1154 1124; x_wconf 73' lang='lat' dir='ltr'>ratu-t</span> <span class='ocrx_word' id='word_1_51' title='bbox 1176 1057 1293 1123; x_wconf 62' lang='lat' dir='ltr'>dorla</span> 
     </span>
     <span class='ocr_line' id='line_1_8' title="bbox 154 1155 1292 1249; baseline -0.003 -21"><span class='ocrx_word' id='word_1_52' title='bbox 154 1162 318 1248; x_wconf 67' lang='grc' dir='ltr'><strong><em>μισμός1],</em></strong></span> <span class='ocrx_word' id='word_1_53' title='bbox 354 1168 429 1228; x_wconf 75' lang='grc'>7995</span> <span class='ocrx_word' id='word_1_54' title='bbox 453 1157 470 1228; x_wconf 81' lang='grc' dir='ltr'><em>ὁ</em></span> <span class='ocrx_word' id='word_1_55' title='bbox 493 1161 659 1249; x_wconf 77' lang='grc' dir='ltr'><strong><em>τάραχος,</em></strong></span> <span class='ocrx_word' id='word_1_56' title='bbox 694 1163 842 1244; x_wconf 84' lang='lat' dir='ltr'>quodque</span> <span class='ocrx_word' id='word_1_57' title='bbox 865 1163 983 1245; x_wconf 83' lang='lat' dir='ltr'>legitur</span> <span class='ocrx_word' id='word_1_58' title='bbox 1013 1165 1103 1226; x_wconf 75' lang='grc'>79515</span> <span class='ocrx_word' id='word_1_59' title='bbox 1126 1156 1147 1248; x_wconf 79' lang='grc' dir='ltr'><em>ἥ</em></span> <span class='ocrx_word' id='word_1_60' title='bbox 1174 1185 1209 1225; x_wconf 86' lang='grc' dir='ltr'><strong><em>τε</em></strong></span> <span class='ocrx_word' id='word_1_61' title='bbox 1233 1155 1292 1225; x_wconf 80' lang='grc' dir='ltr'>οὐκ</span> 
     </span>
     <span class='ocr_line' id='line_1_9' title="bbox 155 1262 1293 1354; baseline -0.004 -24"><span class='ocrx_word' id='word_1_62' title='bbox 155 1263 395 1350; x_wconf 52' lang='grc' dir='ltr'><strong><em>άτιοτείχισιςῖ)</em></strong></span> <span class='ocrx_word' id='word_1_63' title='bbox 423 1274 483 1331; x_wconf 77' lang='grc' dir='ltr'><strong><em>τοῦ</em></strong></span> <span class='ocrx_word' id='word_1_64' title='bbox 497 1269 723 1354; x_wconf 79' lang='grc' dir='ltr'><strong><em>Πλημμυρίου</em></strong></span> <span class='ocrx_word' id='word_1_65' title='bbox 733 1272 753 1347; x_wconf 77' lang='lat'>³,-</span> <span class='ocrx_word' id='word_1_66' title='bbox 782 1288 822 1332; x_wconf 84' lang='lat' dir='ltr'>ex</span> <span class='ocrx_word' id='word_1_67' title='bbox 845 1266 985 1331; x_wconf 83' lang='lat' dir='ltr'>confusis</span> <span class='ocrx_word' id='word_1_68' title='bbox 1009 1262 1069 1352; x_wconf 76' lang='grc' dir='ltr'><strong><em>τὴν</em></strong></span> <span class='ocrx_word' id='word_1_69' title='bbox 1091 1272 1151 1330; x_wconf 75' lang='grc' dir='ltr'><strong><em>τοῦ</em></strong></span> <span class='ocrx_word' id='word_1_70' title='bbox 1173 1266 1293 1351; x_wconf 92' lang='grc' dir='ltr'><strong><em>Πλημ-</em></strong></span> 
     </span>
     <span class='ocr_line' id='line_1_10' title="bbox 154 1364 1294 1456; baseline -0.003 -21"><span class='ocrx_word' id='word_1_71' title='bbox 154 1375 276 1456; x_wconf 89' lang='grc' dir='ltr'><strong><em>μυρίου</em></strong></span> <span class='ocrx_word' id='word_1_72' title='bbox 296 1371 403 1456; x_wconf 81' lang='grc' dir='ltr'><strong><em>λῆψιν</em></strong></span> <span class='ocrx_word' id='word_1_73' title='bbox 425 1371 485 1435; x_wconf 91' lang='lat' dir='ltr'>VII</span> <span class='ocrx_word' id='word_1_74' title='bbox 501 1374 556 1434; x_wconf 68' lang='lat'>259</span> <span class='ocrx_word' id='word_1_75' title='bbox 580 1371 649 1436; x_wconf 85' lang='lat' dir='ltr'>sive</span> <span class='ocrx_word' id='word_1_76' title='bbox 673 1364 800 1435; x_wconf 80' lang='grc' dir='ltr'><strong><em>ἅλωσιν</em></strong></span> <span class='ocrx_word' id='word_1_77' title='bbox 822 1391 850 1434; x_wconf 85' lang='lat' dir='ltr'>c.</span> <span class='ocrx_word' id='word_1_78' title='bbox 871 1375 923 1434; x_wconf 82' lang='lat'>321</span> <span class='ocrx_word' id='word_1_79' title='bbox 948 1390 1019 1433; x_wconf 90' lang='lat' dir='ltr'>oum</span> <span class='ocrx_word' id='word_1_80' title='bbox 1038 1376 1096 1454; x_wconf 83' lang='grc' dir='ltr'><strong><em>της</em></strong></span> <span class='ocrx_word' id='word_1_81' title='bbox 1114 1365 1294 1442; x_wconf 74' lang='grc' dir='ltr'><strong><em>Λευκάδος</em></strong></span> 
     </span>
     <span class='ocr_line' id='line_1_11' title="bbox 155 1469 1292 1560; baseline -0.002 -23"><span class='ocrx_word' id='word_1_82' title='bbox 155 1482 192 1559; x_wconf 77' lang='grc' dir='ltr'><strong><em>τῇ</em></strong></span> <span class='ocrx_word' id='word_1_83' title='bbox 216 1469 257 1539; x_wconf 76' lang='grc' dir='ltr'>οὐ</span> <span class='ocrx_word' id='word_1_84' title='bbox 280 1478 499 1560; x_wconf 79' lang='grc' dir='ltr'><strong><em>κεριτειχὶσει</em></strong></span> <span class='ocrx_word' id='word_1_85' title='bbox 521 1475 569 1537; x_wconf 92' lang='lat' dir='ltr'>lll</span> <span class='ocrx_word' id='word_1_86' title='bbox 593 1477 649 1538; x_wconf 82' lang='grc'>952</span> <span class='ocrx_word' id='word_1_87' title='bbox 677 1469 833 1556; x_wconf 85' lang='lat' dir='ltr'>originem</span> <span class='ocrx_word' id='word_1_88' title='bbox 862 1473 995 1555; x_wconf 85' lang='lat' dir='ltr'>duxisse</span> <span class='ocrx_word' id='word_1_89' title='bbox 1017 1473 1102 1536; x_wconf 86' lang='lat' dir='ltr'>haud</span> <span class='ocrx_word' id='word_1_90' title='bbox 1131 1473 1292 1556; x_wconf 89' lang='lat' dir='ltr'>improba-</span> 
     </span>
     <span class='ocr_line' id='line_1_12' title="bbox 156 1577 1235 1662; baseline -0.004 -21"><span class='ocrx_word' id='word_1_91' title='bbox 156 1579 228 1643; x_wconf 91' lang='lat' dir='ltr'>bilis</span> <span class='ocrx_word' id='word_1_92' title='bbox 253 1579 414 1662; x_wconf 90' lang='lat' dir='ltr'>Popponis</span> <span class='ocrx_word' id='word_1_93' title='bbox 438 1586 487 1642; x_wconf 91' lang='lat' dir='ltr'>est</span> <span class='ocrx_word' id='word_1_94' title='bbox 509 1578 694 1642; x_wconf 89' lang='lat' dir='ltr'>coniectura</span> <span class='ocrx_word' id='word_1_95' title='bbox 722 1579 877 1661; x_wconf 78' lang='lat' dir='ltr'>(prolegg.</span> <span class='ocrx_word' id='word_1_96' title='bbox 903 1577 944 1641; x_wconf 85' lang='lat' dir='ltr'>ad</span> <span class='ocrx_word' id='word_1_97' title='bbox 967 1577 1069 1641; x_wconf 91' lang='lat' dir='ltr'>Thuc.</span> <span class='ocrx_word' id='word_1_98' title='bbox 1095 1597 1127 1659; x_wconf 92' lang='lat' dir='ltr'>p.</span> <span class='ocrx_word' id='word_1_99' title='bbox 1151 1580 1235 1657; x_wconf 82' lang='grc'>166).</span> 
     </span>
     <span class='ocr_line' id='line_1_13' title="bbox 241 1683 1293 1783; baseline -0.009 -18"><span class='ocrx_word' id='word_1_100' title='bbox 241 1701 347 1783; x_wconf 84' lang='lat' dir='ltr'>Caput</span> <span class='ocrx_word' id='word_1_101' title='bbox 373 1719 483 1783; x_wconf 84' lang='lat' dir='ltr'>porro,</span> <span class='ocrx_word' id='word_1_102' title='bbox 515 1719 577 1780; x_wconf 93' lang='lat' dir='ltr'>quo</span> <span class='ocrx_word' id='word_1_103' title='bbox 600 1697 799 1782; x_wconf 76' lang='lat' dir='ltr'>Thucydidis</span> <span class='ocrx_word' id='word_1_104' title='bbox 826 1683 981 1762; x_wconf 87' lang='lat' dir='ltr'>idiomata</span> <span class='ocrx_word' id='word_1_105' title='bbox 1011 1703 1177 1762; x_wconf 87' lang='lat' dir='ltr'>enumerat</span> <span class='ocrx_word' id='word_1_106' title='bbox 1210 1697 1246 1777; x_wconf 88' lang='lat' dir='ltr'>(o.</span> <span class='ocrx_word' id='word_1_107' title='bbox 1274 1699 1293 1756; x_wconf 97' lang='grc'>2</span> 
     </span>
     <span class='ocr_line' id='line_1_14' title="bbox 157 1799 1292 1886; baseline -0.005 -19"><span class='ocrx_word' id='word_1_108' title='bbox 157 1803 195 1868; x_wconf 91' lang='lat' dir='ltr'>de</span> <span class='ocrx_word' id='word_1_109' title='bbox 211 1803 314 1868; x_wconf 91' lang='lat' dir='ltr'>Thue.</span> <span class='ocrx_word' id='word_1_110' title='bbox 337 1804 394 1883; x_wconf 80' lang='lat' dir='ltr'>id.)</span> <span class='ocrx_word' id='word_1_111' title='bbox 423 1824 485 1867; x_wconf 91' lang='lat' dir='ltr'>non</span> <span class='ocrx_word' id='word_1_112' title='bbox 508 1803 615 1886; x_wconf 89' lang='lat' dir='ltr'>inepte</span> <span class='ocrx_word' id='word_1_113' title='bbox 637 1801 718 1866; x_wconf 93' lang='lat' dir='ltr'>illud</span> <span class='ocrx_word' id='word_1_114' title='bbox 740 1801 870 1884; x_wconf 93' lang='lat' dir='ltr'>quidem</span> <span class='ocrx_word' id='word_1_115' title='bbox 892 1809 923 1866; x_wconf 89' lang='lat' dir='ltr'>et</span> <span class='ocrx_word' id='word_1_116' title='bbox 946 1821 1074 1885; x_wconf 91' lang='lat' dir='ltr'>prorsus</span> <span class='ocrx_word' id='word_1_117' title='bbox 1090 1820 1131 1864; x_wconf 84' lang='lat' dir='ltr'>ex</span> <span class='ocrx_word' id='word_1_118' title='bbox 1147 1799 1292 1862; x_wconf 87' lang='lat' dir='ltr'>Ammaei</span> 
     </span>
     <span class='ocr_line' id='line_1_15' title="bbox 157 1905 1291 1994; baseline -0.004 -24"><span class='ocrx_word' id='word_1_119' title='bbox 157 1907 316 1972; x_wconf 88' lang='lat' dir='ltr'>desiderio</span> <span class='ocrx_word' id='word_1_120' title='bbox 347 1928 387 1971; x_wconf 84' lang='lat' dir='ltr'>ex</span> <span class='ocrx_word' id='word_1_121' title='bbox 417 1905 538 1971; x_wconf 90' lang='lat' dir='ltr'>iudicio</span> <span class='ocrx_word' id='word_1_122' title='bbox 570 1906 611 1970; x_wconf 85' lang='lat' dir='ltr'>de</span> <span class='ocrx_word' id='word_1_123' title='bbox 638 1905 828 1990; x_wconf 77' lang='lat' dir='ltr'>Thucydide</span> <span class='ocrx_word' id='word_1_124' title='bbox 856 1905 917 1969; x_wconf 89' lang='lat' dir='ltr'>huc</span> <span class='ocrx_word' id='word_1_125' title='bbox 952 1905 1161 1994; x_wconf 85' lang='lat' dir='ltr'>translatum,</span> <span class='ocrx_word' id='word_1_126' title='bbox 1198 1909 1291 1984; x_wconf 88' lang='lat' dir='ltr'>quam</span> 
     </span>
     <span class='ocr_line' id='line_1_16' title="bbox 158 2007 1295 2094; baseline -0.005 -20"><span class='ocrx_word' id='word_1_127' title='bbox 158 2012 293 2076; x_wconf 87' lang='lat' dir='ltr'>libenter</span> <span class='ocrx_word' id='word_1_128' title='bbox 321 2011 364 2074; x_wconf 86' lang='lat' dir='ltr'>ad</span> <span class='ocrx_word' id='word_1_129' title='bbox 392 2011 489 2082; x_wconf 88' lang='lat' dir='ltr'>finem</span> <span class='ocrx_word' id='word_1_130' title='bbox 517 2009 752 2094; x_wconf 72' lang='lat' dir='ltr'>properaverit,</span> <span class='ocrx_word' id='word_1_131' title='bbox 786 2009 956 2093; x_wconf 89' lang='lat' dir='ltr'>perspicue</span> <span class='ocrx_word' id='word_1_132' title='bbox 985 2007 1133 2072; x_wconf 86' lang='lat' dir='ltr'>ostendit.</span> <span class='ocrx_word' id='word_1_133' title='bbox 1189 2007 1295 2071; x_wconf 88' lang='lat' dir='ltr'>Verba</span> 
     </span>
    </p>
   </div>
   <div class='ocr_carea' id='block_1_3' title="bbox 63 2109 1386 2614">
    <p class='ocr_par' dir='ltr' id='par_1_3' title="bbox 63 2109 1386 2614">
     <span class='ocr_line' id='line_1_17' title="bbox 159 2109 1294 2196; baseline -0.008 -18"><span class='ocrx_word' id='word_1_134' title='bbox 159 2115 239 2178; x_wconf 92' lang='lat' dir='ltr'>enim</span> <span class='ocrx_word' id='word_1_135' title='bbox 259 2135 288 2178; x_wconf 90' lang='lat' dir='ltr'>c.</span> <span class='ocrx_word' id='word_1_136' title='bbox 307 2109 347 2176; x_wconf 72' lang='lat'>2&#39;4</span> <span class='ocrx_word' id='word_1_137' title='bbox 372 2115 411 2178; x_wconf 90' lang='lat' dir='ltr'>de</span> <span class='ocrx_word' id='word_1_138' title='bbox 427 2113 529 2178; x_wconf 88' lang='lat' dir='ltr'>Thuc.</span> <span class='ocrx_word' id='word_1_139' title='bbox 548 2113 616 2177; x_wconf 87' lang='lat' dir='ltr'>iud.</span> <span class='ocrx_word' id='word_1_140' title='bbox 635 2115 861 2177; x_wconf 70' lang='lat' dir='ltr'>soon—8675</span> <span class='ocrx_word' id='word_1_141' title='bbox 886 2110 945 2174; x_wconf 79' lang='grc' dir='ltr'><strong><em>ε’ττὶ</em></strong></span> <span class='ocrx_word' id='word_1_142' title='bbox 967 2110 1003 2174; x_wconf 78' lang='grc' dir='ltr'>δὲ</span> <span class='ocrx_word' id='word_1_143' title='bbox 1027 2116 1085 2196; x_wconf 77' lang='grc' dir='ltr'><strong><em>της</em></strong></span> <span class='ocrx_word' id='word_1_144' title='bbox 1101 2113 1294 2182; x_wconf 73' lang='grc' dir='ltr'><strong><em>συνθέσεως</em></strong></span> 
     </span>
     <span class='ocr_line' id='line_1_18' title="bbox 159 2207 1295 2299; baseline -0.004 -19"><span class='ocrx_word' id='word_1_145' title='bbox 159 2225 221 2282; x_wconf 81' lang='grc' dir='ltr'><strong><em>τῶν</em></strong></span> <span class='ocrx_word' id='word_1_146' title='bbox 231 2235 233 2240; x_wconf 68' lang='grc'><strong>”</strong></span> <span class='ocrx_word' id='word_1_147' title='bbox 243 2213 273 2280; x_wconf 74' lang='grc' dir='ltr'><strong><em>τ’</em></strong></span> <span class='ocrx_word' id='word_1_148' title='bbox 294 2214 485 2282; x_wconf 79' lang='grc' dir='ltr'><strong><em>ἐλαττόνων</em></strong></span> <span class='ocrx_word' id='word_1_149' title='bbox 507 2217 564 2280; x_wconf 88' lang='grc' dir='ltr'>καὶ</span> <span class='ocrx_word' id='word_1_150' title='bbox 586 2224 652 2281; x_wconf 73' lang='grc' dir='ltr'><strong><em>τοῖιν</em></strong></span> <span class='ocrx_word' id='word_1_151' title='bbox 666 2214 832 2298; x_wconf 83' lang='grc' dir='ltr'><strong><em>μειζόνων</em></strong></span> <span class='ocrx_word' id='word_1_152' title='bbox 846 2217 976 2299; x_wconf 88' lang='grc' dir='ltr'><strong><em>μορίων</em></strong></span> <span class='ocrx_word' id='word_1_153' title='bbox 991 2211 1051 2299; x_wconf 78' lang='grc' dir='ltr'><strong><em>την</em></strong></span> <span class='ocrx_word' id='word_1_154' title='bbox 1067 2207 1295 2298; x_wconf 76' lang='grc' dir='ltr'><strong><em>ἀξιωματικὴν</em></strong></span> 
     </span>
     <span class='ocr_line' id='line_1_19' title="bbox 93 2313 1295 2408; baseline -0.003 -24"><span class='ocrx_word' id='word_1_155' title='bbox 93 2369 96 2375; x_wconf 67' lang='lat'><em>.</em></span> <span class='ocrx_word' id='word_1_156' title='bbox 159 2323 213 2384; x_wconf 86' lang='grc' dir='ltr'>καὶ</span> <span class='ocrx_word' id='word_1_157' title='bbox 236 2317 408 2408; x_wconf 79' lang='grc' dir='ltr'><strong><em>αὐστηράν</em></strong></span> <span class='ocrx_word' id='word_1_158' title='bbox 430 2321 487 2384; x_wconf 88' lang='grc' dir='ltr'>καὶ</span> <span class='ocrx_word' id='word_1_159' title='bbox 510 2317 676 2405; x_wconf 74' lang='grc' dir='ltr'><strong><em>στιβαρὰν</em></strong></span> <span class='ocrx_word' id='word_1_160' title='bbox 697 2321 755 2383; x_wconf 83' lang='grc' dir='ltr'>καὶ</span> <span class='ocrx_word' id='word_1_161' title='bbox 777 2323 961 2404; x_wconf 71' lang='grc' dir='ltr'><strong><em>βεβηκυῖαν</em></strong></span> <span class='ocrx_word' id='word_1_162' title='bbox 983 2318 1040 2380; x_wconf 84' lang='grc' dir='ltr'>καὶ</span> <span class='ocrx_word' id='word_1_163' title='bbox 1061 2313 1295 2402; x_wconf 80' lang='grc' dir='ltr'><strong><em>τραχύνουσαν</em></strong></span> 
     </span>
     <span class='ocr_line' id='line_1_20' title="bbox 160 2414 1296 2508; baseline -0.004 -22"><span class='ocrx_word' id='word_1_164' title='bbox 160 2437 230 2500; x_wconf 83' lang='grc' dir='ltr'><strong><em>ταῖς</em></strong></span> <span class='ocrx_word' id='word_1_165' title='bbox 253 2431 319 2490; x_wconf 78' lang='grc' dir='ltr'><strong><em>τῶν</em></strong></span> <span class='ocrx_word' id='word_1_166' title='bbox 341 2421 549 2508; x_wconf 76' lang='grc' dir='ltr'><strong><em>γραμμάτιον</em></strong></span> <span class='ocrx_word' id='word_1_167' title='bbox 569 2418 782 2498; x_wconf 74' lang='grc' dir='ltr'><strong><em>ἀντιτυπίαις</em></strong></span> <span class='ocrx_word' id='word_1_168' title='bbox 798 2419 857 2497; x_wconf 86' lang='grc' dir='ltr'><strong><em>τὰς</em></strong></span> <span class='ocrx_word' id='word_1_169' title='bbox 875 2416 978 2496; x_wconf 83' lang='grc' dir='ltr'><strong><em>ἀκοὰς</em></strong></span> <span class='ocrx_word' id='word_1_170' title='bbox 995 2414 1070 2485; x_wconf 86' lang='grc' dir='ltr'><strong><em>άντὶ</em></strong></span> <span class='ocrx_word' id='word_1_171' title='bbox 1085 2426 1143 2506; x_wconf 81' lang='grc' dir='ltr'><strong><em>της</em></strong></span> <span class='ocrx_word' id='word_1_172' title='bbox 1158 2419 1296 2502; x_wconf 78' lang='grc' dir='ltr'><strong><em>λιγυρᾶς</em></strong></span> 
     </span>
     <span class='ocr_line' id='line_1_21' title="bbox 63 2517 1386 2614; baseline -0.004 -23"><span class='ocrx_word' id='word_1_173' title='bbox 63 2563 66 2570; x_wconf 90' lang='lat'><em>·</em></span> <span class='ocrx_word' id='word_1_174' title='bbox 155 2529 213 2591; x_wconf 86' lang='grc' dir='ltr'>καὶ</span> <span class='ocrx_word' id='word_1_175' title='bbox 234 2529 388 2614; x_wconf 77' lang='grc' dir='ltr'><strong><em>μαλακῆς</em></strong></span> <span class='ocrx_word' id='word_1_176' title='bbox 411 2528 468 2591; x_wconf 86' lang='grc' dir='ltr'>καὶ</span> <span class='ocrx_word' id='word_1_177' title='bbox 488 2527 729 2612; x_wconf 80' lang='grc' dir='ltr'><strong><em>συνεξεσμένης</em></strong></span> <span class='ocrx_word' id='word_1_178' title='bbox 751 2526 808 2588; x_wconf 89' lang='grc' dir='ltr'>καὶ</span> <span class='ocrx_word' id='word_1_179' title='bbox 829 2525 935 2610; x_wconf 80' lang='grc' dir='ltr'><strong><em>μηδὲν</em></strong></span> <span class='ocrx_word' id='word_1_180' title='bbox 954 2521 1094 2609; x_wconf 80' lang='grc' dir='ltr'><strong><em>ἐχούσης</em></strong></span> <span class='ocrx_word' id='word_1_181' title='bbox 1111 2517 1296 2586; x_wconf 83' lang='grc' dir='ltr'><strong><em>άντίτυιτσν</em></strong></span> <span class='ocrx_word' id='word_1_182' title='bbox 1380 2563 1386 2586; x_wconf 60' lang='lat'><em>2</em></span> 
     </span>
    </p>
   </div>
   <div class='ocr_carea' id='block_1_4' title="bbox 159 2625 1298 4055">
    <p class='ocr_par' dir='ltr' id='par_1_4' title="bbox 159 2625 1296 3745">
     <span class='ocr_line' id='line_1_22' title="bbox 160 2625 1295 2715; baseline -0.007 -21"><span class='ocrx_word' id='word_1_183' title='bbox 160 2631 318 2715; x_wconf 88' lang='lat' dir='ltr'>incapite</span> <span class='ocrx_word' id='word_1_184' title='bbox 341 2631 443 2694; x_wconf 90' lang='lat' dir='ltr'>altero</span> <span class='ocrx_word' id='word_1_185' title='bbox 464 2630 505 2695; x_wconf 86' lang='lat' dir='ltr'>de</span> <span class='ocrx_word' id='word_1_186' title='bbox 526 2629 627 2694; x_wconf 91' lang='lat' dir='ltr'>Thuo.</span> <span class='ocrx_word' id='word_1_187' title='bbox 653 2629 697 2692; x_wconf 93' lang='lat' dir='ltr'>id.</span> <span class='ocrx_word' id='word_1_188' title='bbox 724 2649 788 2692; x_wconf 95' lang='lat' dir='ltr'>non</span> <span class='ocrx_word' id='word_1_189' title='bbox 811 2634 955 2708; x_wconf 87' lang='lat' dir='ltr'>exstant,</span> <span class='ocrx_word' id='word_1_190' title='bbox 985 2626 1024 2690; x_wconf 91' lang='lat' dir='ltr'>de</span> <span class='ocrx_word' id='word_1_191' title='bbox 1049 2625 1164 2707; x_wconf 90' lang='lat' dir='ltr'>quibus</span> <span class='ocrx_word' id='word_1_192' title='bbox 1188 2625 1295 2706; x_wconf 87' lang='lat' dir='ltr'>Krue-</span> 
     </span>
     <span class='ocr_line' id='line_1_23' title="bbox 159 2728 1290 2818; baseline -0.009 -19"><span class='ocrx_word' id='word_1_193' title='bbox 159 2755 253 2816; x_wconf 83' lang='lat' dir='ltr'>gerus</span> <span class='ocrx_word' id='word_1_194' title='bbox 269 2756 300 2818; x_wconf 94' lang='lat' dir='ltr'>p.</span> <span class='ocrx_word' id='word_1_195' title='bbox 320 2737 379 2796; x_wconf 84' lang='grc'>129</span> <span class='ocrx_word' id='word_1_196' title='bbox 396 2735 459 2798; x_wconf 88' lang='lat' dir='ltr'>ita:</span> <span class='ocrx_word' id='word_1_197' title='bbox 487 2735 594 2810; x_wconf 88' lang='lat' dir='ltr'>„Haec</span> <span class='ocrx_word' id='word_1_198' title='bbox 610 2733 725 2811; x_wconf 87' lang='lat' dir='ltr'>omnia,</span> <span class='ocrx_word' id='word_1_199' title='bbox 753 2731 840 2796; x_wconf 89' lang='lat' dir='ltr'>haud</span> <span class='ocrx_word' id='word_1_200' title='bbox 856 2730 952 2795; x_wconf 90' lang='lat' dir='ltr'>dubie</span> <span class='ocrx_word' id='word_1_201' title='bbox 968 2729 1168 2794; x_wconf 81' lang='lat' dir='ltr'>librariorum</span> <span class='ocrx_word' id='word_1_202' title='bbox 1184 2728 1290 2810; x_wconf 85' lang='lat' dir='ltr'>eulpa,</span> 
     </span>
     <span class='ocr_line' id='line_1_24' title="bbox 160 2830 1295 2917; baseline -0.007 -17"><span class='ocrx_word' id='word_1_203' title='bbox 160 2839 239 2901; x_wconf 84' lang='lat' dir='ltr'>iufra</span> <span class='ocrx_word' id='word_1_204' title='bbox 267 2840 343 2911; x_wconf 68' lang='grc'>(2.2</span> <span class='ocrx_word' id='word_1_205' title='bbox 367 2837 407 2900; x_wconf 95' lang='lat' dir='ltr'>de</span> <span class='ocrx_word' id='word_1_206' title='bbox 424 2837 524 2900; x_wconf 92' lang='lat' dir='ltr'>Thuc.</span> <span class='ocrx_word' id='word_1_207' title='bbox 543 2837 600 2917; x_wconf 70' lang='lat' dir='ltr'>id.)</span> <span class='ocrx_word' id='word_1_208' title='bbox 628 2837 748 2900; x_wconf 89' lang='lat' dir='ltr'>omissa</span> <span class='ocrx_word' id='word_1_209' title='bbox 771 2842 878 2899; x_wconf 77' lang='lat' dir='ltr'>sunt‘.</span> <span class='ocrx_word' id='word_1_210' title='bbox 919 2834 984 2898; x_wconf 80' lang='lat' dir='ltr'>Sed</span> <span class='ocrx_word' id='word_1_211' title='bbox 1007 2831 1139 2896; x_wconf 85' lang='lat' dir='ltr'>fallitur.</span> <span class='ocrx_word' id='word_1_212' title='bbox 1181 2830 1295 2912; x_wconf 85' lang='lat' dir='ltr'>Capite</span> 
     </span>
     <span class='ocr_line' id='line_1_25' title="bbox 160 2933 1294 3022; baseline -0.008 -18"><span class='ocrx_word' id='word_1_213' title='bbox 160 2943 241 3004; x_wconf 92' lang='lat' dir='ltr'>enim</span> <span class='ocrx_word' id='word_1_214' title='bbox 264 2941 359 3004; x_wconf 78' lang='lat' dir='ltr'>tertio</span> <span class='ocrx_word' id='word_1_215' title='bbox 381 2941 422 3004; x_wconf 89' lang='lat' dir='ltr'>de</span> <span class='ocrx_word' id='word_1_216' title='bbox 445 2940 545 3004; x_wconf 89' lang='lat' dir='ltr'>Thuo.</span> <span class='ocrx_word' id='word_1_217' title='bbox 571 2939 616 3002; x_wconf 89' lang='lat' dir='ltr'>id.</span> <span class='ocrx_word' id='word_1_218' title='bbox 642 2946 809 3022; x_wconf 75' lang='lat' dir='ltr'>postquam</span> <span class='ocrx_word' id='word_1_219' title='bbox 838 2945 965 3002; x_wconf 91' lang='lat' dir='ltr'>vetusta</span> <span class='ocrx_word' id='word_1_220' title='bbox 986 2933 1184 3018; x_wconf 89' lang='lat' dir='ltr'>Thucydidis</span> <span class='ocrx_word' id='word_1_221' title='bbox 1215 2953 1294 2996; x_wconf 95' lang='lat' dir='ltr'>non-</span> 
     </span>
     <span class='ocr_line' id='line_1_26' title="bbox 161 3037 1294 3132; baseline -0.008 -24"><span class='ocrx_word' id='word_1_222' title='bbox 161 3046 245 3108; x_wconf 89' lang='lat' dir='ltr'>nulla</span> <span class='ocrx_word' id='word_1_223' title='bbox 268 3052 299 3108; x_wconf 87' lang='lat' dir='ltr'>et</span> <span class='ocrx_word' id='word_1_224' title='bbox 329 3045 492 3108; x_wconf 84' lang='lat' dir='ltr'>intellectu</span> <span class='ocrx_word' id='word_1_225' title='bbox 522 3042 669 3107; x_wconf 86' lang='lat' dir='ltr'>difficilia</span> <span class='ocrx_word' id='word_1_226' title='bbox 699 3043 828 3106; x_wconf 88' lang='lat' dir='ltr'>nomina</span> <span class='ocrx_word' id='word_1_227' title='bbox 858 3041 1005 3124; x_wconf 83' lang='lat' dir='ltr'>protulit,</span> <span class='ocrx_word' id='word_1_228' title='bbox 1047 3038 1168 3132; x_wconf 83' lang='lat' dir='ltr'>omissa</span> <span class='ocrx_word' id='word_1_229' title='bbox 1197 3037 1294 3100; x_wconf 86' lang='lat' dir='ltr'>etiam</span> 
     </span>
     <span class='ocr_line' id='line_1_27' title="bbox 159 3141 1295 3232; baseline -0.007 -21"><span class='ocrx_word' id='word_1_230' title='bbox 159 3148 222 3212; x_wconf 89' lang='lat' dir='ltr'>illic</span> <span class='ocrx_word' id='word_1_231' title='bbox 244 3169 284 3213; x_wconf 90' lang='lat' dir='ltr'>ea</span> <span class='ocrx_word' id='word_1_232' title='bbox 308 3155 411 3232; x_wconf 87' lang='lat' dir='ltr'>parte,</span> <span class='ocrx_word' id='word_1_233' title='bbox 437 3167 519 3228; x_wconf 86' lang='lat' dir='ltr'>quae</span> <span class='ocrx_word' id='word_1_234' title='bbox 535 3147 576 3210; x_wconf 91' lang='lat' dir='ltr'>de</span> <span class='ocrx_word' id='word_1_235' title='bbox 592 3146 820 3228; x_wconf 90' lang='lat' dir='ltr'>compositione</span> <span class='ocrx_word' id='word_1_236' title='bbox 836 3147 1002 3210; x_wconf 89' lang='lat' dir='ltr'>verborum</span> <span class='ocrx_word' id='word_1_237' title='bbox 1019 3150 1078 3224; x_wconf 77' lang='lat' dir='ltr'>est,</span> <span class='ocrx_word' id='word_1_238' title='bbox 1105 3141 1213 3206; x_wconf 85' lang='lat' dir='ltr'>rhetor</span> <span class='ocrx_word' id='word_1_239' title='bbox 1228 3147 1295 3204; x_wconf 88' lang='lat' dir='ltr'>sta—</span> 
     </span>
     <span class='ocr_line' id='line_1_28' title="bbox 160 3245 1296 3333; baseline -0.007 -19"><span class='ocrx_word' id='word_1_240' title='bbox 160 3253 212 3314; x_wconf 85' lang='lat' dir='ltr'>tim</span> <span class='ocrx_word' id='word_1_241' title='bbox 236 3253 278 3316; x_wconf 88' lang='lat' dir='ltr'>ad</span> <span class='ocrx_word' id='word_1_242' title='bbox 302 3251 459 3333; x_wconf 79' lang='lat' dir='ltr'>figuratae</span> <span class='ocrx_word' id='word_1_243' title='bbox 479 3249 630 3313; x_wconf 88' lang='lat' dir='ltr'>orationis</span> <span class='ocrx_word' id='word_1_244' title='bbox 653 3249 800 3332; x_wconf 84' lang='lat' dir='ltr'>exempla</span> <span class='ocrx_word' id='word_1_245' title='bbox 820 3251 944 3312; x_wconf 88' lang='lat' dir='ltr'>transit.</span> <span class='ocrx_word' id='word_1_246' title='bbox 985 3246 1082 3311; x_wconf 91' lang='lat' dir='ltr'>lnde</span> <span class='ocrx_word' id='word_1_247' title='bbox 1107 3245 1296 3326; x_wconf 84' lang='lat' dir='ltr'>sequitur</span> 
     </span>
     <span class='ocr_line' id='line_1_29' title="bbox 161 3351 1294 3438; baseline -0.006 -21"><span class='ocrx_word' id='word_1_248' title='bbox 161 3355 400 3438; x_wconf 89' lang='lat' dir='ltr'>Dionysium</span> <span class='ocrx_word' id='word_1_249' title='bbox 425 3354 612 3418; x_wconf 89' lang='lat' dir='ltr'>consulto</span> <span class='ocrx_word' id='word_1_250' title='bbox 634 3354 679 3416; x_wconf 91' lang='lat' dir='ltr'>de</span> <span class='ocrx_word' id='word_1_251' title='bbox 701 3351 950 3436; x_wconf 79' lang='lat' dir='ltr'>Thucydidis</span> <span class='ocrx_word' id='word_1_252' title='bbox 973 3351 1171 3416; x_wconf 88' lang='lat' dir='ltr'>verborum</span> <span class='ocrx_word' id='word_1_253' title='bbox 1194 3369 1294 3411; x_wconf 94' lang='lat' dir='ltr'>com-</span> 
     </span>
     <span class='ocr_line' id='line_1_30' title="bbox 160 3450 1296 3542; baseline -0.01 -18"><span class='ocrx_word' id='word_1_254' title='bbox 160 3460 367 3542; x_wconf 89' lang='lat' dir='ltr'>positione</span> <span class='ocrx_word' id='word_1_255' title='bbox 385 3457 671 3538; x_wconf 89' lang='lat' dir='ltr'>quaestionem</span> <span class='ocrx_word' id='word_1_256' title='bbox 690 3455 728 3519; x_wconf 92' lang='lat' dir='ltr'>in</span> <span class='ocrx_word' id='word_1_257' title='bbox 745 3456 893 3519; x_wconf 88' lang='lat' dir='ltr'>libcllo</span> <span class='ocrx_word' id='word_1_258' title='bbox 913 3455 957 3520; x_wconf 84' lang='lat' dir='ltr'>de</span> <span class='ocrx_word' id='word_1_259' title='bbox 978 3452 1170 3518; x_wconf 87' lang='lat' dir='ltr'>historici</span> <span class='ocrx_word' id='word_1_260' title='bbox 1190 3450 1296 3514; x_wconf 92' lang='lat' dir='ltr'>idio-</span> 
     </span>
     <span class='ocr_line' id='line_1_31' title="bbox 160 3557 1296 3640; baseline -0.008 -15"><span class='ocrx_word' id='word_1_261' title='bbox 160 3563 279 3627; x_wconf 89' lang='lat' dir='ltr'>matis</span> <span class='ocrx_word' id='word_1_262' title='bbox 303 3561 511 3638; x_wconf 88' lang='lat' dir='ltr'>omisisse;</span> <span class='ocrx_word' id='word_1_263' title='bbox 538 3581 597 3624; x_wconf 90' lang='lat' dir='ltr'>nec</span> <span class='ocrx_word' id='word_1_264' title='bbox 613 3559 738 3640; x_wconf 87' lang='lat' dir='ltr'>mirum,</span> <span class='ocrx_word' id='word_1_265' title='bbox 765 3580 836 3622; x_wconf 89' lang='lat' dir='ltr'>cum</span> <span class='ocrx_word' id='word_1_266' title='bbox 857 3559 890 3622; x_wconf 92' lang='lat' dir='ltr'>in</span> <span class='ocrx_word' id='word_1_267' title='bbox 912 3559 992 3620; x_wconf 89' lang='lat' dir='ltr'>libro</span> <span class='ocrx_word' id='word_1_268' title='bbox 1016 3558 1056 3621; x_wconf 89' lang='lat' dir='ltr'>de</span> <span class='ocrx_word' id='word_1_269' title='bbox 1079 3577 1106 3619; x_wconf 91' lang='lat' dir='ltr'>c.</span> <span class='ocrx_word' id='word_1_270' title='bbox 1132 3577 1163 3620; x_wconf 92' lang='lat' dir='ltr'>v.</span> <span class='ocrx_word' id='word_1_271' title='bbox 1192 3557 1296 3616; x_wconf 85' lang='grc'>162-</span> 
     </span>
     <span class='ocr_line' id='line_1_32' title="bbox 164 3662 683 3745; baseline -0.002 -18"><span class='ocrx_word' id='word_1_272' title='bbox 164 3670 220 3730; x_wconf 83' lang='lat'>170</span> <span class='ocrx_word' id='word_1_273' title='bbox 243 3665 348 3730; x_wconf 85' lang='lat' dir='ltr'>fusius</span> <span class='ocrx_word' id='word_1_274' title='bbox 370 3664 411 3728; x_wconf 84' lang='lat' dir='ltr'>dc</span> <span class='ocrx_word' id='word_1_275' title='bbox 434 3684 473 3728; x_wconf 88' lang='lat' dir='ltr'>ea</span> <span class='ocrx_word' id='word_1_276' title='bbox 494 3683 529 3727; x_wconf 91' lang='lat' dir='ltr'>re</span> <span class='ocrx_word' id='word_1_277' title='bbox 552 3662 683 3745; x_wconf 84' lang='lat' dir='ltr'>egisset.</span> 
     </span>
    </p>

    <p class='ocr_par' dir='ltr' id='par_1_5' title="bbox 162 3758 1298 4055">
     <span class='ocr_line' id='line_1_33' title="bbox 243 3758 1296 3850; baseline -0.011 -17"><span class='ocrx_word' id='word_1_278' title='bbox 243 3769 391 3850; x_wconf 89' lang='lat' dir='ltr'>Plerique</span> <span class='ocrx_word' id='word_1_279' title='bbox 415 3767 550 3848; x_wconf 86' lang='lat' dir='ltr'>donique</span> <span class='ocrx_word' id='word_1_280' title='bbox 573 3764 772 3848; x_wconf 87' lang='lat' dir='ltr'>Thucydidis</span> <span class='ocrx_word' id='word_1_281' title='bbox 795 3765 856 3828; x_wconf 90' lang='lat' dir='ltr'>loci</span> <span class='ocrx_word' id='word_1_282' title='bbox 884 3763 917 3827; x_wconf 93' lang='lat' dir='ltr'>in</span> <span class='ocrx_word' id='word_1_283' title='bbox 948 3763 1006 3826; x_wconf 91' lang='lat' dir='ltr'>hoc</span> <span class='ocrx_word' id='word_1_284' title='bbox 1036 3761 1144 3825; x_wconf 90' lang='lat' dir='ltr'>libello</span> <span class='ocrx_word' id='word_1_285' title='bbox 1175 3758 1296 3825; x_wconf 87' lang='lat' dir='ltr'>laudati</span> 
     </span>
     <span class='ocr_line' id='line_1_34' title="bbox 162 3861 1298 3947; baseline -0.01 -13"><span class='ocrx_word' id='word_1_286' title='bbox 162 3871 399 3936; x_wconf 87' lang='lat' dir='ltr'>tumultuarium</span> <span class='ocrx_word' id='word_1_287' title='bbox 423 3871 564 3934; x_wconf 87' lang='lat' dir='ltr'>lahorem</span> <span class='ocrx_word' id='word_1_288' title='bbox 588 3868 769 3932; x_wconf 90' lang='lat' dir='ltr'>ostendunt.</span> <span class='ocrx_word' id='word_1_289' title='bbox 812 3867 895 3931; x_wconf 79' lang='lat' dir='ltr'>Fieri</span> <span class='ocrx_word' id='word_1_290' title='bbox 915 3885 993 3930; x_wconf 89' lang='lat' dir='ltr'>sane</span> <span class='ocrx_word' id='word_1_291' title='bbox 1009 3871 1122 3947; x_wconf 78' lang='lat' dir='ltr'>potest,</span> <span class='ocrx_word' id='word_1_292' title='bbox 1150 3871 1184 3925; x_wconf 89' lang='lat' dir='ltr'>ut</span> <span class='ocrx_word' id='word_1_293' title='bbox 1200 3861 1298 3925; x_wconf 86' lang='lat' dir='ltr'>libra-</span> 
     </span>
     <span class='ocr_line' id='line_1_35' title="bbox 163 3965 1296 4055; baseline -0.011 -19"><span class='ocrx_word' id='word_1_294' title='bbox 163 3975 275 4038; x_wconf 88' lang='lat' dir='ltr'>riorum</span> <span class='ocrx_word' id='word_1_295' title='bbox 292 3974 390 4055; x_wconf 86' lang='lat' dir='ltr'>culpa</span> <span class='ocrx_word' id='word_1_296' title='bbox 405 3972 544 4054; x_wconf 87' lang='lat' dir='ltr'>corrupti</span> <span class='ocrx_word' id='word_1_297' title='bbox 561 3971 706 4034; x_wconf 90' lang='lat' dir='ltr'>nonnulli</span> <span class='ocrx_word' id='word_1_298' title='bbox 719 3970 999 4034; x_wconf 79' lang='lat' dir='ltr'>circumferantur:</span> <span class='ocrx_word' id='word_1_299' title='bbox 1018 3965 1193 4048; x_wconf 82' lang='lat' dir='ltr'>exemplari</span> <span class='ocrx_word' id='word_1_300' title='bbox 1211 3971 1296 4026; x_wconf 87' lang='lat' dir='ltr'>certe</span> 
     </span>
    </p>
   </div>
   <div class='ocr_carea' id='block_1_5' title="bbox 165 4183 1298 4427">
    <p class='ocr_par' dir='ltr' id='par_1_6' title="bbox 165 4183 1298 4427">
     <span class='ocr_line' id='line_1_36' title="bbox 232 4183 1298 4266; baseline -0.016 -14"><span class='ocrx_word' id='word_1_301' title='bbox 232 4200 249 4252; x_wconf 82' lang='lat' dir='ltr'>¹l</span> <span class='ocrx_word' id='word_1_302' title='bbox 270 4194 285 4246; x_wconf 76' lang='grc' dir='ltr'><em>ὃ</em></span> <span class='ocrx_word' id='word_1_303' title='bbox 305 4191 489 4266; x_wconf 74' lang='grc' dir='ltr'>ἔπιλογισμός</span> <span class='ocrx_word' id='word_1_304' title='bbox 508 4194 537 4247; x_wconf 83' lang='grc' dir='ltr'>Α</span> <span class='ocrx_word' id='word_1_305' title='bbox 549 4199 577 4248; x_wconf 80' lang='lat' dir='ltr'>et</span> <span class='ocrx_word' id='word_1_306' title='bbox 590 4194 642 4249; x_wconf 77' lang='lat' dir='ltr'>BC</span> <span class='ocrx_word' id='word_1_307' title='bbox 662 4193 820 4248; x_wconf 84' lang='lat' dir='ltr'>He1·werd.:</span> <span class='ocrx_word' id='word_1_308' title='bbox 841 4191 909 4264; x_wconf 83' lang='grc' dir='ltr'><strong><em>ὅπερ</em></strong></span> <span class='ocrx_word' id='word_1_309' title='bbox 928 4185 1093 4259; x_wconf 75' lang='grc' dir='ltr'><strong><em>ὁλογισμός</em></strong></span> <span class='ocrx_word' id='word_1_310' title='bbox 1106 4189 1137 4250; x_wconf 89' lang='lat' dir='ltr'>L,</span> <span class='ocrx_word' id='word_1_311' title='bbox 1159 4183 1298 4257; x_wconf 79' lang='grc' dir='ltr'><strong><em>ὃπεριλο-</em></strong></span> 
     </span>
     <span class='ocr_line' id='line_1_37' title="bbox 165 4277 1020 4353; baseline -0.008 -19"><span class='ocrx_word' id='word_1_312' title='bbox 165 4280 264 4353; x_wconf 77' lang='grc' dir='ltr'><strong><em>γισμάς</em></strong></span> <span class='ocrx_word' id='word_1_313' title='bbox 281 4284 306 4335; x_wconf 80' lang='lat' dir='ltr'><strong>R</strong></span> <span class='ocrx_word' id='word_1_314' title='bbox 336 4286 347 4347; x_wconf 84' lang='grc' dir='ltr'>ΙΙ</span> <span class='ocrx_word' id='word_1_315' title='bbox 377 4283 395 4346; x_wconf 74' lang='lat'>⁶2}</span> <span class='ocrx_word' id='word_1_316' title='bbox 417 4281 461 4346; x_wconf 73' lang='grc' dir='ltr'><strong><em>ἥτε</em></strong></span> <span class='ocrx_word' id='word_1_317' title='bbox 480 4277 700 4348; x_wconf 64' lang='grc' dir='ltr'><strong><em>κατατάχισιςΙι</em></strong></span> <span class='ocrx_word' id='word_1_318' title='bbox 730 4283 741 4344; x_wconf 85' lang='grc' dir='ltr'>ΙΙ</span> <span class='ocrx_word' id='word_1_319' title='bbox 770 4280 789 4342; x_wconf 71' lang='grc'>3)</span> <span class='ocrx_word' id='word_1_320' title='bbox 812 4279 969 4350; x_wconf 82' lang='grc' dir='ltr'><strong><em>πλημυριόυ</em></strong></span> <span class='ocrx_word' id='word_1_321' title='bbox 989 4278 1020 4328; x_wconf 86' lang='lat' dir='ltr'>L.</span> 
     </span>
     <span class='ocr_line' id='line_1_38' title="bbox 1059 4379 1089 4427; baseline 0.033 -1"><span class='ocrx_word' id='word_1_322' title='bbox 1059 4379 1089 4427; x_wconf 81' lang='lat'>10</span> 
     </span>
    </p>
   </div>
   <div class='ocr_carea' id='block_1_6' title="bbox 0 0 1626 5140">
    <p class='ocr_par' dir='ltr' id='par_1_7' title="bbox 0 0 1626 5140">
     <span class='ocr_line' id='line_1_39' title="bbox 0 0 1626 5140; baseline 0 0"><span class='ocrx_word' id='word_1_323' title='bbox 0 0 1626 5140; x_wconf 95' lang='lat' dir='ltr'> </span> 
     </span>
    </p>
   </div>
  </div>
 </body>
</html>
