3182 5136
542 398 585 407 -
633 363 715 444 ειυς
763 331 807 406 -’
1179 365 1240 425 τοι»

188 570 220 634 p.
242 552 369 614 manus
389 537 454 613 Ἦν
476 547 539 634 γὰρ
563 547 601 636 δή
625 573 695 614 που
713 548 921 636 κατάλληλος
937 543 954 614 ὃ
971 547 1080 635 λόγος,
1108 550 1139 616 εἰ
1154 549 1241 634 πρὸς

101 652 160 740 τήν
189 657 322 738 γένεσιν
351 645 549 738 ἀναφέρων,
587 645 674 738 ὑπὲρ
708 645 747 739 ής
780 646 798 717 ό
832 650 932 737 λόγος
966 642 1016 740 ἦν,
1056 652 1236 741 ἐπέθηκεν·

102 752 288 836 ,,Ἄλλοθεν
311 752 413 843 αὐτῆς
436 750 610 843 ήκούσης“,
639 754 697 821 ἐπὶ
720 756 756 820 δὲ
779 764 846 822 τῶν
868 751 999 842 ἀνδρῶν
1013 757 1146 839 μέλλων
1161 781 1241 823 ποι-

100 865 219 926 εῖσθαι
241 859 302 926 τὸν
323 857 434 944 λόγον,
462 857 499 938 ἐξ
521 853 625 945 ἀρχῆς
647 853 754 936 οὕτως
773 856 815 926 ἂν
829 859 1057 948 κατεστήσατο
1074 858 1135 948 τήν
1151 859 1240 949 φρά-

99 985 168 1030 σιν·
197 970 290 1050 „Tac
313 957 344 1028 δ’
360 955 530 1047 εὐγενείας
552 969 688 1048 πρῶτον
702 957 859 1050 ὑπῆρξαν
873 963 986 1030 τοῖσδε
1009 963 1042 1030 ol
1062 961 1236 1050 πρόγονοι,

98 1062 174 1150 οὐχὶ
199 1064 364 1154 ἐπήλυδες
387 1060 482 1142 όντες
504 1060 582 1131 οὐδὲ
605 1065 684 1143 τούς
706 1064 865 1151 ἐκγόνους
880 1065 1021 1145 τούτους
1037 1061 1240 1156 ἀποφήναν-

99 1192 152 1247 τες
175 1177 417 1253 μετοικοῦντας
441 1167 478 1234 ἐν
500 1175 538 1253 τῇ
561 1166 663 1254 χώρᾳ,
691 1165 841 1236 ἄλλοθεν
861 1177 958 1258 σφῶν
974 1165 1135 1258 ἡκόντων,
1163 1166 1236 1237 ἀλλ’

99 1269 359 1356 αὐτόχθονας“.
406 1273 617 1354 constructio,
644 1273 750 1356 qualis
772 1274 805 1338 in
829 1274 992 1340 codicibus
1016 1275 1142 1358 legitur,
1177 1277 1239 1342 nisi

99 1373 215 1462 ὀρθῶς
237 1379 290 1442 vel
313 1376 418 1442 simile
440 1375 563 1459 aliquid
579 1384 655 1442 ante
676 1374 904 1464 κατεστήσατο
927 1379 1138 1462 suppleveris,
1164 1378 1240 1445 ferri

99 1481 221 1564 nequit.
269 1477 392 1557 Quodsi
415 1485 573 1544 structura
595 1479 672 1544 olim
694 1479 756 1544 fuit
777 1479 1018 1562 condicionalis,
1053 1481 1143 1546 cuius
1166 1501 1241 1566 pro-

99 1586 181 1651 tasis
208 1581 360 1668 bipertita
388 1590 457 1648 erat
485 1581 515 1647 εἰ
539 1579 709 1667 ἐπέθηκεν
737 1589 769 1649 et
792 1577 899 1659 οὐτως
922 1577 969 1648 ὐν
998 1581 1236 1670 κατεστήσατο.

101 1689 245 1772 seqnitur
275 1705 386 1753 vocem
416 1679 458 1751 όν
487 1686 520 1751 in
551 1686 726 1770 posteriore
759 1687 829 1751 colo
862 1693 982 1753 temere
1015 1687 1239 1772 interpolatam

101 1811 182 1858 esse.
231 1793 302 1856 Iam
325 1790 365 1856 de
387 1789 523 1873 apodosi
538 1789 747 1874 dispiciamus
770 1778 811 1876 ήν
833 1786 895 1876 γὰρ
920 1788 959 1877 δή
984 1813 1053 1856 που
1075 1789 1241 1878 κατάλλη-

104 1899 157 1973 λος
189 1889 347 1979 ὁλόγος;
381 1893 491 1976 utique
521 1892 723 1958 desideratur
750 1888 807 1974 όν,
841 1893 926 1976 quod
955 1894 1024 1960 fieri
1053 1901 1173 1979 potest,
1206 1903 1241 1960 nt

103 2000 135 2063 in
156 1998 303 2082 margine
326 1996 522 2080 adscriptum
545 1995 628 2061 male
651 1996 693 2060 ad
715 1997 922 2082 posteriorem
940 1998 1083 2081 protasin
1098 1998 1238 2063 delatum

106 2203 267 2288 particulis
296 2198 337 2268 ἂν
361 2200 399 2289 δή
431 2225 500 2267 που
527 2203 705 2268 coniunctis
734 2202 1009 2287 contempti&
1037 2203 1163 2287 μείζων
1193 2200 1241 2270 ἂν

106 2305 149 2394 δή
172 2329 252 2373 που
278 2308 409 2389 λέγοιτο
440 2299 528 2370 εἶναι
558 2312 615 2392 τής
644 2311 824 2391 προτέρας.
873 2310 964 2373 97853
988 2306 1102 2390 εἰμὲν
1125 2303 1240 2384 ἁπλῶς

109 2413 160 2475 καὶ
182 2405 393 2496 ἀπεριέργως
414 2408 483 2474 ἐ’όει
505 2409 663 2496 ῥηθῆναι,
691 2395 812 2475 τοῦτον
835 2404 883 2475 do
906 2408 951 2497 όή
977 2433 1058 2476 που
1081 2408 1140 2477 τὸν
1162 2409 1240 2496 τρό-

109 2539 172 2580 πον
193 2509 396 2601 ἀπήγγελτο.
436 2513 475 2577 Α.
494 2513 532 2577 R.
551 2513 628 2578 VIII
645 2517 684 2577 79
707 2515 829 2598 ploos
853 2507 913 2579 οὐκ
937 2508 986 2579 do
1009 2512 1053 2601 δή
1078 2540 1157 2580 που
1181 2514 1240 2602 τήν

111 2613 223 2684 οὐσίαν
248 2669 254 2680 .
277 2669 283 2681 .
306 2668 311 2680 .
339 2613 495 2703 δημεύειν
517 2609 535 2702 ή
561 2613 661 2692 πόλις
684 2610 789 2702 ήξίου.

188 2776 365 2858 ρ.1041εεε
391 2765 459 2836 Οὐκ
480 2763 567 2852 olda,
595 2769 625 2834 εἰ
648 2767 706 2834 ἐπὶ
729 2769 970 2855 λαμπρότατον
993 2767 1074 2836 ἄλλο
1098 2779 1237 2856 πρᾶγμα

110 2875 222 2943 τούτου
243 2869 477 2958 εὐτελέστερον
499 2872 629 2960 εἲρήται
651 2872 813 2939 Πλάτωνι
834 2875 891 2938 καὶ
914 2873 1169 2959 ἰδιωτικώτερον
1192 2875 1235 2940 Μ.

111 2981 234 3066 Propter
254 2978 525 3064 praepositionem
546 2977 760 3042 nominativus
784 2975 1026 3063 λαμπρότατον
1047 2978 1081 3043 iu
1100 2978 1239 3044 deterio-

112 3083 191 3148 ribus
220 3081 382 3148 codicibus
409 3079 524 3145 leviter
553 3079 587 3144 in
615 3077 858 3164 λαμπροτάτου
892 3081 938 3164 (Β)
971 3087 1146 3146 correctum
1176 3089 1236 3148 est.

114 3187 151 3248 nt
170 3185 316 3250 mendum
340 3183 373 3246 in
396 3182 468 3268 ipsa
489 3182 726 3266 praepositione
748 3183 837 3248 latet.
879 3183 1045 3249 Sententia
1067 3183 1148 3249 haec
1170 3193 1232 3250 est:

113 3287 199 3352 Hand
220 3288 285 3353 scio
307 3308 349 3351 an
372 3285 437 3349 alia
459 3305 522 3367 qua
544 3305 595 3350 res
618 3285 878 3369 praeclarissima
900 3285 1039 3352 deterius
1062 3307 1083 3350 a
1105 3288 1237 3353 Platone

113 3390 262 3474 vilicoque
284 3389 447 3474 descripta
470 3389 523 3453 sit.
570 3388 650 3453 Inde
673 3389 747 3471 lego
771 3383 831 3453 οὐκ
855 3382 931 3453 οἶδα
961 3387 993 3454 εἲ
1017 3413 1055 3452 τι
1082 3388 1239 3474 λαμπρό-

114 3518 206 3560 τατον
228 3492 308 3558 ἄλλο
339 3499 480 3576 πρᾶγμα
512 3489 633 3557 τούτου
662 3485 896 3577 εὐτελέστερον
924 3491 1053 3579 εἴρηται
1075 3493 1145 3556 κτλ.
1194 3498 1238 3558 ΕΙ

113 3599 264 3678 quondam
286 3597 371 3662 male
394 3596 564 3680 repetitum
587 3601 655 3661 erat
679 3600 833 3660 ΕΙΕΙΤΙ.

193 3774 222 3837 p.
242 3755 352 3817 llllirs
378 3745 502 3833 Ἕιῖιμεν
524 3750 581 3814 καὶ
603 3757 714 3816 τοῦτο·
740 3757 813 3827 πῶς
839 3750 875 3815 di
899 3757 956 3838 τής
985 3751 1113 3836 δωρεᾶς
1137 3747 1238 3838 αὐτής

115 3848 185 3918 εἷπε
206 3853 239 3920 τό
256 3859 410 3940 μέγεθος,
440 3851 660 3935 ἐξετάσωμεν.
707 3855 814 3919 Verba
837 3860 894 3940 τής
910 3854 1039 3940 δωρεᾶς
1062 3849 1164 3941 αὐτῆς
1187 3855 1237 3919 in-

116 3965 187 4040 epta
200 3965 278 4023 suut.
318 3957 460 4041 Respicit
476 3957 561 4022 enirn
577 3956 752 4041 Dionysius
768 3956 811 4020 ad
826 3957 969 4022 Platonis
985 3958 1084 4022 verba
1100 3958 1234 4040 (Menex.

117 4081 146 4142 p.
166 4064 243 4140 237⁰)
268 4061 361 4127 modo
389 4061 430 4144 (p.
448 4062 583 4143 idiloss]
610 4060 744 4125 laudata
766 4056 851 4145 μόνη
876 4057 939 4145 γὰρ
964 4058 999 4125 ἓν
1014 4066 1060 4143 τῷ
1083 4057 1157 4124 τότε
1181 4061 1235 4122 καλ

36 4211 39 4238 η,
121 4161 224 4250 πρώτή
255 4161 384 4251 τροφήν
414 4157 638 4249 ἀνθρωπείαν
667 4158 818 4249 ήνεγκεν,
853 4161 913 4227 τὸν
942 4169 1006 4228 τῶν
1036 4169 1153 4246 πυριῖιν
1181 4163 1235 4225 καλ

37 4289 39 4346 ι
119 4270 237 4348 κριθῶν
257 4265 399 4352 καρπόν.
446 4266 573 4332 Deinde
595 4265 772 4345 examinat,
805 4266 961 4348 quomodo
984 4265 1235 4348 magnitudinem
