3224 5140
340 361 400 422 111
771 395 814 405 -
862 361 945 440 [roo]
993 397 1035 405 -

337 541 449 610 τέλειά
477 567 527 620 τις
551 543 679 620 ἐντοῖς
709 541 874 620 τοιούτοις
904 539 984 629 παρ’
1008 539 1109 630 αὐτῷ.
1149 545 1348 630 .Sylburgius
1377 567 1473 630 copu-

339 647 405 710 lam
429 644 521 711 ἐστίν
543 646 611 712 sine
634 646 719 712 iusta
734 666 831 712 causa
853 653 926 731 post
947 669 998 722 τις
1019 647 1226 731 interpolavit
1248 649 1288 713 cl.
1314 669 1349 732 p.
1370 651 1470 713 76011.

337 749 528 834 Dionysium
562 749 595 816 in
625 749 751 814 citando
784 749 966 815 liberiorem
1000 769 1072 816 esse
1105 765 1205 834 supra
1232 752 1239 832 t
1245 771 1319 834 pag.
1344 753 1398 832 16)
1427 751 1475 815 vi-

337 851 453 918 dimus.
893 863 898 870 “

427 977 459 1040 p.
479 957 600 1020 9771111
629 955 804 1038 Dionysius
834 954 946 1020 tertiae
975 953 1176 1040 Philippicae
1205 954 1332 1020 initium
1366 956 1477 1041 impli-
1519 977 1522 981 ·

339 1065 412 1124 cate
434 1059 573 1124 colorum
602 1064 762 1122 structura
784 1057 912 1140 insigne
933 1057 980 1122 ita
1002 1057 1069 1123 iere
1092 1077 1133 1124 ex
1155 1057 1301 1122 sollemni
1323 1059 1475 1140 loquendi

338 1181 424 1227 more
440 1160 574 1246 proferri
590 1179 686 1244 posse
701 1166 809 1243 putat:
843 1160 997 1242 Πολλῶν,
1024 1148 1184 1244 ὦάνόρες
1200 1156 1391 1246 Ἀθηναῖοι,
1420 1159 1475 1226 λό-

337 1287 406 1348 γων
435 1267 642 1348 γιγνομένων
670 1256 755 1326 καθ’
782 1260 925 1348 ἑκάστην
959 1260 1080 1343 σχεδὸν
1110 1260 1289 1348 ἐκκλησίαν
1319 1265 1402 1349 περὶ
1427 1255 1476 1330 ,ὧν

338 1361 446 1431 ἀδικεῖ
470 1366 645 1440 Φίλιππος
667 1359 754 1446 ὑμᾶς
784 1366 841 1430 καὶ
868 1361 946 1440 τοὺς
974 1359 1106 1448 [ἄλλους
1130 1365 1203 1430 add.
1232 1367 1336 1450 sylb]
1357 1361 1476 1454 Ἕλλη-

336 1493 398 1545 νας
429 1463 486 1555 ἀφ’
513 1459 552 1534 οὗ
576 1465 636 1554 τὴν
658 1465 793 1554 εἰρήνην
816 1465 1000 1555 ἐποιήσατο
1031 1469 1099 1532 κτλ.
1149 1462 1289 1544 Ἄλλους
1318 1471 1404 1535 nrale
1436 1493 1476 1536 ex

337 1595 369 1657 p.
388 1576 465 1636 9761
489 1571 676 1640 arcessitum
707 1578 756 1636 est
786 1577 818 1636 et
847 1591 887 1636 ex
915 1565 1376 1657 11111111Ἕλληναςμ9761
1401 1595 1475 1658 per-

261 1715 263 1721 s
336 1693 429 1740 verse
451 1694 492 1739 ex
515 1695 547 1757 p.
567 1677 669 1738 97711.
715 1673 906 1756 Sylbnrgius
922 1693 1115 1755 quamquam
1138 1674 1346 1756 posteriorem
1370 1677 1474 1751 locutu

336 1777 451 1862 prioris
481 1777 575 1859 quasi
604 1775 823 1860 metaphrasin
852 1775 992 1858 aliquam
1023 1795 1095 1842 esse
1117 1781 1204 1842 reete
1226 1776 1398 1860 intellexit,
1426 1785 1475 1844 ta-

337 1900 411 1946 men
440 1880 572 1945 verbum
594 1873 756 1965 Ἕλληνας
787 1899 819 1961 p.
847 1881 937 1942 97711
965 1879 1063 1944 verbo
1091 1872 1213 1954 άλλονς
1241 1879 1296 1962 (ita
1326 1879 1475 1965 Dionysii

337 1981 503 2066 exemplar
531 2001 602 2047 cum
626 1986 654 2044 Σ
675 1983 735 2066 pr.)
764 1984 891 2064 119761
915 1981 1108 2064 respondere
1138 2002 1201 2046 non
1229 1982 1327 2062 vidit;
1363 1991 1475 2056 neutro

315 2086 405 2172 'loco
421 2084 592 2167 quicquam
614 2084 814 2150 mutandum.
1214 2167 1217 2172 Ι

423 2210 456 2272 p.
479 2192 604 2252 1116111
628 2186 657 2252 εἰ
680 2187 717 2251 δέ
747 2209 793 2270 τῳ
820 2186 911 2251 δοκεῖ
940 2193 1046 2252 ταῦτα
1076 2188 1133 2252 καὶ
1162 2185 1295 2254 πόνου
1324 2190 1476 2258 πολλοῦ

341 2292 398 2355 καὶ
421 2294 700 2376 πραγματείας
723 2287 894 2376 μεγάλης
923 2287 1004 2375 ἐ’ργα
1028 2283 1124 2372 εἶναι,
1158 2291 1215 2354 καλ
1245 2287 1336 2372 μάλα
1361 2286 1475 2378 ὀρθῶς

337 2395 429 2459 δοκεῖ
456 2390 542 2458 κατὰ
564 2389 624 2458 τὸν
646 2397 853 2479 Δημοσθένη
884 2394 923 2474 (8,
942 2395 992 2476 ,48)
1017 2443 1022 2456 .
1045 2443 1050 2455 .
1074 2443 1080 2456 .
1107 2387 1177 2459 ἀλλ’
1197 2390 1256 2459 ἐὰν
1279 2392 1475 2482 ἐπιλογίση-

336 2521 392 2560 ται
420 2492 498 2571 vobo
529 2489 805 2570 ἀκολουθοῦντας
835 2488 950 2570 αὐτοῖς
973 2491 1125 2579 καρποὺς
1151 2545 1158 2557 .
1187 2545 1192 2559 .
1222 2547 1228 2559 .
1254 2503 1374 2568 πᾶσαν
1396 2492 1476 2584 ἡγή-

337 2622 432 2664 σεται
460 2595 521 2684 τήν
550 2622 591 2662 τε
619 2597 691 2680 [dcl.
719 2598 823 2681 Sylb.l
855 2601 1090 2682 πραγματείαν
1121 2595 1246 2662 ἐλάττω
1276 2606 1335 2685 τῆς
1365 2623 1474 2686 προσ-

336 2699 491 2788 ηκούσης.
538 2701 700 2768 Particula
729 2723 764 2764 τε
795 2701 934 2782 genuina
957 2706 1023 2774 est:
1064 2700 1211 2766 nimirum
1240 2708 1410 2784 postquam
1434 2703 1473 2782 de

335 2805 464 2888 negotio
492 2807 735 2890 (πραγματείας
764 2801 909 2888 μεγάλης
932 2823 1015 2868 vers.
1036 2806 1071 2884 10)
1098 2803 1274 2888 Dionysius
1297 2806 1399 2871 verba
1426 2807 1474 2871 fe-

337 2909 390 2989 cit,
418 2915 528 2974 secuta
550 2913 625 2972 sunt
647 2927 697 2986 ea,
723 2907 837 2990 quibus
860 2907 900 2972 de
923 2907 1031 2990 magni
1053 2907 1171 2972 laboris
1200 2905 1320 2990 (πόνου
1343 2910 1475 2976 πολλοῦ
1521 2980 1525 2988 ,

337 3033 421 3090 vers
441 3017 462 3098 1)
491 3015 593 3078 fructu
624 3011 815 3096 explicavit3
852 3031 934 3094 quae
964 3011 1202 3076 interciderunt.
1251 3013 1384 3079 Rectius
1414 3015 1476 3079 ali-

336 3121 455 3199 quanto
471 3117 617 3200 Uptonus
639 3116 702 3198 (ap.
721 3114 849 3180 Schaes.
868 3114 908 3181 de
923 3134 951 3178 o.
970 3135 999 3178 u.
1019 3115 1153 3196 11374),
1181 3114 1236 3196 qui
1260 3123 1474 3199 cumpostre-

335 3241 388 3284 ma
411 3219 525 3284 mutila
548 3238 619 3284 esse
642 3217 854 3301 cognovisset,
890 3216 1053 3302 Sylburgii
1076 3223 1165 3281 textu
1188 3217 1342 3300 deqeptus
1366 3221 1476 3286 alte-

336 3343 418 3388 rum
441 3323 555 3388 colon
579 3319 757 3386 desiderari
788 3340 848 3384 non
873 3319 1054 3404 perspexit,
1087 3321 1185 3384 verba
1206 3320 1252 3385 ita
1274 3321 1472 3388 conformat:

337 3420 463 3488 ἐλάττω
498 3431 555 3510 τῆς
584 3419 819 3509 προσηκούσης
850 3415 949 3506 αὐτῷ
967 3422 1072 3506 (immo
1096 3415 1195 3506 αὑτῷ)
1225 3419 1340 3510 δόξης,
1377 3446 1475 3508 quarn

336 3527 527 3594 Schaeferus
550 3529 571 3592 l.
592 3529 627 3609 l.‚
655 3527 709 3609 qui
731 3527 879 3590 lacunam
895 3531 1022 3590 exstare
1045 3545 1168 3607 negans
1192 3526 1346 3591 audacius
1364 3529 1475 3602 scribit

336 3628 462 3697 ἐλάττω
486 3637 546 3695 τοῦ
568 3627 809 3716 προσήκοντος.
857 3627 1004 3711 Dionysii
1021 3635 1128 3693 autem
1151 3634 1257 3694 textus
1279 3629 1326 3694 ita
1342 3650 1476 3716 compa-

334 3742 422 3801 ratus
445 3740 503 3813 est,
536 3739 571 3797 ut
599 3752 826 3813 nonnunquam
850 3733 997 3796 lacunam
1021 3730 1192 3812 agnovisse
1220 3752 1260 3796 ex
1282 3731 1363 3814 ipsis
1387 3735 1476 3799 codi-

336 3861 408 3904 cum
432 3837 560 3902 indiciis
582 3856 676 3918 quarn
698 3834 798 3900 verba
827 3835 945 3898 tradita
967 3834 1122 3898 violenter
1151 3835 1260 3899 sensui
1282 3842 1397 3920 aptare
1421 3859 1475 3903 sa-

337 3944 401 4008 tius
430 3941 612 4007 habendum
642 3939 694 4004 sit.
742 3939 855 4020 Itaque
884 3958 913 4002 e.
938 3957 969 4018 g.
996 3939 1138 4024 1181311
1169 3958 1240 4003 oum
1264 3939 1399 4005 Reiskio
1428 3941 1475 4006 ito

298 4115 300 4118 ,
337 4047 475 4113 scribas:
504 4034 550 4110 ὧν
573 4037 648 4108 οὔτε
664 4045 881 4127 προαιρέσεις
898 4036 1036 4123 ἰσχυράς
1051 4065 1068 4096 s
1084 4065 1101 4098 1
1116 4066 1151 4102 a.
1192 4037 1316 4117 ταύτας
1340 4040 1380 4128 δὴ
1400 4046 1470 4109 κτλ.

337 4153 469 4218 Praeter
498 4149 564 4214 alia
585 4148 683 4212 verba
712 4144 875 4229 perierunt
900 4141 980 4207 haec
1005 4136 1081 4206 οὔτε
1105 4140 1280 4224 61νάμεις;
1314 4145 1356 4210 cf.
1384 4166 1412 4210 e.
1439 4167 1472 4230 g.

337 4277 369 4342 p.
390 4258 464 4319 8111
489 4251 555 4319 ε’ίτε
578 4257 636 4338 της
659 4251 889 4336 προαιρέσεως
916 4295 922 4308 .
945 4295 951 4306 .
974 4293 979 4308 .
1006 4242 1071 4308 εἴτε
1094 4251 1152 4333 της
1169 4243 1353 4330 δυνάμεως.
1396 4253 1474 4314 8132

398 4802 573 5118 Ι
677 4698 1083 5118 ss]
