3182 5136
339 351 400 414 2ο2
771 383 815 395 -
862 345 945 428 [τεο]
992 381 1036 392 -

338 531 430 602 εἶναι
453 536 570 620 λέγων,
595 555 698 619 neque
720 555 795 600 vero
810 533 953 600 condicio
968 532 1080 600 eadem
1099 539 1159 613 est,
1184 553 1255 598 cum
1277 531 1384 618 priore
1405 533 1471 600 loco

338 639 454 706 aetatis
487 637 641 704 Dinarchi
679 637 876 723 computatio
912 636 1052 721 pendeat
1086 655 1126 701 ex
1162 636 1292 702 certis
1329 635 1468 718 annis,

337 744 438 808 altero
461 762 500 808 ex
530 741 805 808 orationibus.
851 739 948 823 Atqui
971 759 1055 823 quae
1077 738 1118 806 de
1140 745 1318 824 temporum
1341 739 1472 806 rationi-

337 847 398 912 bus
421 845 631 931 proferuntur,
665 844 824 930 capitibus
848 842 1116 928 praecedentibus
1139 843 1281 926 genuina
1303 862 1375 909 esse
1402 863 1473 928 pro-

337 951 449 1027 batur;
488 947 572 1014 unde
601 948 742 1032 sequitur
770 947 868 1012 verba
898 953 963 1012 τῶν
996 945 1059 1028 μέν
1091 943 1323 1031 πρεσβύτερον
1357 940 1468 1028 αὐτὸν,

338 1059 403 1117 τοῖιν
426 1052 462 1117 δέ
484 1048 647 1136 νεώτερον
669 1045 758 1117 εἶναι
780 1050 888 1134 λέγων
909 1049 1066 1135 Dionysio
1095 1069 1158 1116 non
1187 1049 1308 1134 deberi,
1341 1050 1401 1117 sed
1426 1051 1474 1115 in-

261 1183 265 1192 ·
339 1164 446 1240 eptam
469 1175 542 1222 esse
566 1154 814 1240 explicationem
837 1174 858 1218 a
879 1153 988 1219 nescio
1011 1173 1073 1236 qno
1095 1153 1300 1237 adscriptam.
1351 1154 1472 1220 Deinde

339 1259 497 1343 Kmegeri
527 1258 709 1326 coniectura
732 1278 749 1324 e
771 1244 919 1342 Dionysii
947 1256 1101 1339 loquendi
1127 1275 1187 1322 usu
1214 1257 1407 1340 corrigenda
1428 1266 1474 1324 est

340 1359 427 1447 πρὸς
456 1368 503 1446 τῷ
533 1361 638 1449 μηδὲν
666 1355 757 1445 ὑγιὲς
786 1361 895 1444 λέγειν
921 1361 979 1424 καλ
1007 1356 1128 1444 λόγους
1162 1353 1295 1426 advoc
1327 1360 1473 1438 πολλοὺς

342 1459 534 1550 ἀφελεῖται,
567 1463 608 1530 ef.
633 1483 665 1548 p.
684 1467 775 1529 66512
799 1461 831 1527 οἱ
853 1466 1100 1549 Δημοσθένους
1123 1455 1373 1548 ἀφαιρούμενοι
1401 1471 1474 1530 τοῦ·

340 1592 399 1633 τον
421 1563 607 1652 τὸνλόγον.
655 1569 761 1632 659252
785 1559 998 1653 ἀφαιροῦμαι
1021 1563 1057 1630 δὲ
1079 1565 1136 1629 καὶ
1158 1563 1236 1642 τοὺς
1259 1567 1341 1652 περὶ
1363 1573 1473 1634 Μενε-

342 1675 487 1753 σαίχμου
510 1667 630 1754 λόγους
654 1663 869 1756 ἀμφοτέρους
892 1662 1004 1734 αὐτοῦ.
1053 1671 1145 1733 72923
1167 1675 1285 1735 πᾶσαν
1308 1663 1474 1756 ἀφαιρού-

341 1797 441 1856 μενος
475 1771 684 1861 ἐπιχείρησιν
721 1779 786 1838 τῶν
819 1771 1025 1859 χαρίζεσθαι
1061 1771 1279 1854 βουλομένων
1312 1767 1405 1858 αὐτῷ
1436 1771 1474 1838 τὰ

341 1874 385 1963 μὴ
416 1873 642 1964 προσήκοντα.
694 1879 783 1941 15726
813 1874 843 1940 εἰ
865 1882 947 1960 γοῦν
972 1871 1009 1940 τὸ
1033 1885 1052 1938 ἵε
1075 1875 1125 1952 τίς
1156 1869 1279 1960 ἀφέλοι
1309 1882 1369 1963 τῆς
1400 1878 1474 1942 συλ-

341 1979 457 2065 λαβῆς.
496 1981 535 2044 Α.
554 1979 593 2044 R.
612 1980 683 2045 136
706 2000 739 2064 p.
758 1982 814 2043 432
836 1978 976 2044 Kiessl.:
1013 1972 1147 2065 ἀφελὼν
1170 1975 1207 2042 τὸ
1231 1979 1391 2059 μυθῶδες
1419 1986 1475 2045 τοῦ

340 2077 453 2165 λόγου.

427 2206 459 2269 p.
480 2187 601 2266 639ross
632 2181 761 2270 Ιίαιρδς
783 2179 843 2270 η’δη
868 2183 924 2247 καὶ
954 2183 1033 2269 ,τερλ
1055 2189 1116 2248 τοῦ
1137 2190 1349 2270 χαρακτῆρος
1376 2179 1475 2250 αὐτοῦ

344 2288 464 2372 λέγειν.
497 2286 568 2352 έστι
587 2287 623 2352 δὲ
646 2284 923 2373 δυσόριστον
958 2279 1141 2372 οὐδὲνγὰρ
1165 2280 1241 2352 οὔτε
1264 2284 1382 2353 κοινὸν
1405 2281 1472 2354 οὔτ’

341 2390 430 2456 ἰ’διον
458 2389 564 2474 έσχεν,
599 2385 672 2456 οὔτ’
698 2389 735 2456 έν
764 2402 834 2467 τσῑς
857 2389 1006 2472 ἰδίοις,
1041 2383 1114 2455 οὔτ’
1141 2388 1177 2456 ἐν
1204 2401 1275 2466 τοῖς
1305 2390 1474 2478 δημοσίοις

344 2487 486 2578 ἀγῶσιν·
528 2488 613 2558 ἀλλὰ
643 2495 699 2584 καὶ
732 2504 802 2570 τοῖς
831 2497 968 2560 Λυσίου
997 2490 1237 2581 παραπλήσιός
1269 2489 1473 2561 ἒστιν.ὅττου

343 2601 472 2681 γίνεται
500 2597 555 2662 καλ
579 2609 649 2674 τοῖς
668 2590 870 2684 Ὑπερείδου
898 2597 955 2660 καί
982 2609 1052 2673 τοῖς
1074 2600 1322 2683 Δημοσθένους
1345 2597 1468 2684 λόγοις·

344 2701 399 2764 καὶ
430 2697 559 2767 τούτων
581 2699 693 2766 πολλὰ
723 2697 768 2787 δή
799 2724 861 2776 τις
890 2699 978 2781 ἔχει
1007 2700 1267 2786 παραδείγματα
1296 2699 1469 2767 ἐκθέσθαι.

344 2801 557 2890 Δυοόριστον
588 2825 651 2870 non
684 2811 770 2871 recte
807 2803 873 2887 legi
906 2823 1046 2886 sequens
1079 2804 1277 2870 enuntiatum
1310 2812 1468 2888 monstrat,
1582 2795 1583 2800 ’

344 2914 473 2994 propter
496 2907 581 2990 quod
604 2907 747 2992 corrigas
770 2903 1046 2992 δυσόριστος,
1073 2925 1118 2972 sc.
1145 2899 1162 2971 ὁ
1185 2905 1371 2995 χαρακτήρ.

430 3010 556 3077 Deinde
584 3031 649 3076 non
678 3009 739 3076 hoc
761 3011 863 3076 solum
886 3010 972 3092 loco,
1007 3009 1065 3076 sed
1086 3009 1163 3075 alibi
1185 3010 1281 3076 etiam
1305 3011 1470 3077 scribarum

345 3134 432 3180 error
445 3115 575 3180 tollatur
598 3111 765 3190 ἰδιωτικός
783 3121 817 3180 et
830 3112 917 3190 ἰ’δισς
932 3112 1203 3180 confundentium.
1237 3108 1337 3180 ’Ἱδιοι
1357 3109 1471 3200 ἀγῶνες
1582 3119 1583 3186 j

345 3218 374 3284 ei
397 3225 481 3300 sunt,
507 3218 541 3282 in
563 3218 677 3302 quibus
699 3217 740 3284 de
763 3218 830 3283 suis
852 3218 948 3284 rebus
970 3217 999 3282 is
1021 3216 1075 3300 qni
1097 3218 1195 3282 verba
1220 3217 1298 3284 facit
1327 3218 1467 3301 loquitur,

345 3321 446 3386 veluti
468 3320 508 3385 de
523 3321 616 3386 Dem.
634 3341 667 3406 p.
689 3324 828 3386 102212ss
852 3314 942 3385 ὅπου
964 3316 1026 3405 γὰρ
1049 3313 1144 3406 ἡμεῖς
1169 3369 1176 3383 .
1198 3369 1233 3384 ..
1261 3314 1367 3397 οὕτως
1389 3314 1471 3386 διτα-

346 3420 480 3508 γόμεθα
502 3424 559 3488 καλ
581 3422 801 3511 κρατούμεθα
827 3475 833 3489 .
857 3479 862 3490 .
884 3475 890 3488 .
916 3430 989 3500 πῶς
1011 3419 1086 3489 τότε
1109 3421 1288 3510 Ἀθηναῖοί
1311 3448 1346 3490 τε
1369 3423 1422 3488 καὶ
1442 3419 1470 3486 ολ

348 3521 444 3592 ἄλλοι
457 3521 613 3614 Ἕλληνες
643 3524 764 3615 ἤγοντο
793 3521 861 3593 ὑπὸ
886 3534 946 3594 τοῦ
969 3521 1092 3610 ἀνδρὸς
1120 3524 1192 3591 έιτλ
1220 3533 1299 3592 τῶν
1323 3521 1469 3614 ἀληθι·

346 3635 427 3694 νῶν
456 3654 497 3696 τε
526 3632 597 3696 καί
627 3630 748 3698 ἰδίων
777 3625 949 3715 ἀγώνων
978 3624 1109 3696 αὐτοῦ
1137 3631 1341 3714 λέγοντος
1367 3629 1468 3696 έκείμ

346 3755 422 3798 νου
451 3731 499 3796 τὰ
528 3731 683 3800 ἑαυτοῦ
711 3731 796 3816 μετὰ
826 3739 885 3820 τῆς
915 3727 1084 3812 ἀξιώσεως
1111 3722 1150 3819 ἧς
1179 3726 1247 3814 εἶχε
1273 3731 1335 3820 τὴν
1357 3727 1467 3798 αὐτο·

348 3832 549 3900 πάθειαν.
597 3836 715 3902 Contra
729 3836 903 3922 δημοσίοις
920 3830 1044 3920 ἀγῶσιν
1066 3835 1203 3921 oppositi
1220 3843 1295 3902 sunt
1317 3831 1467 3901 ἰδιωτικοὶ

349 3932 482 4022 ἀγῶνες,
517 3957 633 4004 causae
656 3941 811 4024 privatae,
844 3939 943 4005 veluti
966 3960 997 4023 p
1018 3942 1138 4004 944nss
1161 3935 1221 4014 τὰς
1245 3937 1281 4003 δὲ
1303 3931 1468 4005 πολυπλό-Ι

348 4065 427 4118 κους
450 4038 582 4128 νοήσεις
604 4042 660 4106 καὶ
682 4038 794 4108 πολλὰ
817 4039 1019 4130 δηλουσας’
1006 4065 1042 4107 εν
1059 4035 1113 4106 ἀλί
1100 4045 1232 4126 γίο..ις
1251 4038 1418 4130 Ιέζήλωσέ
1437 4059 1467 4100 τε

353 4147 408 4227 (.se
430 4137 447 4210 ὃ
471 4147 707 4232 Δημοσθένης)
728 4170 785 4210 και
774 4145 993 4232 προσέθηκε
1016 4155 1087 4270 τηῑς
1110 4168 1144 4210 τε
1167 4143 1399 4231 δημηγορικοῖς
1419 4138 1468 4204 καὶ

350 4261 420 4325 τοῖς
443 4245 626 4323 δικανικοῖς
649 4237 804 4332 λύγοις
786 4272 953 4334 ηττονγ
940 4246 1016 4329 μὲν
1039 4245 1110 4312 εστὶ
1133 4253 1211 4312 τῶν
1241 4245 1463 4322 ίδιωτικων,
