3182 5136
564 428 609 440 -
655 395 738 476 [sor]
785 427 829 440 -
1200 395 1262 456 ου

125 578 400 668 περιγενόμενος,
430 581 594 660 ξυνέσεως
617 575 790 666 ἀγώνισμα
812 580 1107 668 προσελάμβανε.“
1156 577 1204 646 Τὸ
1227 581 1263 646 δὲ

127 682 369 771 ,παρατυχόν“
395 677 470 750 ἀντὶ
492 691 553 749 τοῦ
575 691 823 772 ,παραχρημα“
847 698 955 752 κεῖται
977 689 1047 752 κτλ.
1091 686 1204 753 Verbis
1225 684 1261 749 τὸ

124 790 164 855 δέ
191 840 197 854 .
221 841 227 853 .
250 841 257 853 .
282 801 391 854 κεῖται
411 789 516 873 iisque
539 807 623 872 quae
646 794 821 872 sequuntur
843 809 972 856 oaumm
995 791 1166 872 contineri,
1199 810 1262 872 qua

123 899 305 960 commotus
321 891 506 958 obscuriora
518 891 614 956 etiam
629 891 787 976 prioribus
798 891 995 976 Thucydidis
1010 894 1117 959 verbis
1130 913 1170 959 ea
1180 912 1263 977 quae

124 996 220 1062 modo
243 994 389 1060 laudavit
407 993 582 1078 Dionysius
597 993 723 1072 dixerit,
750 993 955 1062 manifestum
972 1003 1031 1063 cst.
1077 994 1185 1074 Quare
1206 1016 1264 1080 pro

122 1100 173 1180 δέ,
194 1098 282 1184 quod
297 1119 376 1164 sano
391 1117 490 1164 seusu
506 1104 601 1178 caret,
622 1097 743 1164 scribas
761 1096 842 1184 γάρ.
883 1100 974 1166 Idem
990 1121 1076 1167 error
1091 1101 1264 1184 particula-

124 1223 198 1268 rum
221 1201 260 1267 δέ
289 1207 321 1268 et
347 1198 410 1286 γάρ
441 1199 644 1268 confusarum
673 1202 807 1267 occurrit
835 1222 868 1287 p.
888 1207 999 1268 100714
1030 1197 1108 1269 οὐδὲ
1137 1200 1176 1290 δὴ
1203 1209 1264 1268 τοῦ

123 1310 324 1391 πρέποντος
347 1302 383 1370 ἐν
406 1298 536 1369 ἅπασιν
564 1300 797 1388 ἐπιτυγχάνει·
829 1299 987 1392 ἀνθηρὰν
1008 1303 1084 1390 γὰρ
1112 1305 1159 1389 [δέ
1181 1306 1258 1388 MR]

121 1404 393 1494 autoramento
423 1401 612 1482 ἐκπαντὸς
641 1399 743 1488 ἀξιῶν
770 1401 859 1474 εἶναι
891 1406 952 1495 την
982 1405 1157 1474 διάλεκτον
1183 1459 1188 1472 .
1218 1459 1224 1472 .
1253 1459 1258 1472 .

124 1507 356 1578 ἀπολείπεταί
385 1534 469 1576 ποτε
497 1517 558 1576 τοῦ
587 1514 797 1596 πρέποντος;
837 1511 877 1578 ef.
903 1533 935 1596 p.
960 1517 1068 1578 loono
1099 1511 1190 1578 ἐστιν
1219 1502 1264 1578 ὧν

123 1612 170 1683 ἄν
199 1640 251 1693 τις
281 1609 387 1702 αὐτὴν
415 1607 459 1691 ὡς
488 1611 698 1680 ἐλλιπόντων
725 1617 900 1698 μέμψαιτο
931 1665 938 1678 .
968 1665 1003 1680 ..
1037 1622 1173 1701 πρῶτον
1200 1616 1263 1698 μὲν

123 1727 185 1808 τῆς
214 1724 415 1802 συντομίας·
449 1716 678 1805 στοχαζομένη
709 1714 771 1802 γὰρ
798 1769 805 1782 .
828 1767 863 1782 ..
913 1723 1023 1784 1006ω
1052 1717 1137 1802 μετὰ
1163 1727 1262 1785 τοῦτο

123 1831 186 1911 της
209 1828 422 1908 συστροφῆς·
454 1815 560 1887 ὑπτία
583 1817 646 1906 γάρ
671 1819 773 1886 ἐστιν.
819 1805 869 1887 De
891 1821 956 1887 alio
978 1821 1122 1889 eiusdem
1147 1822 1261 1889 erroris

121 1927 276 2011 exemplo
298 1923 372 1991 vide
394 1944 477 2009 quae
499 1923 583 1990 infra
603 1944 679 2009 pag.
695 1927 757 1989 223
780 1923 887 1990 dicam
909 1923 951 1990 ad
972 1946 1005 2010 p.
1024 1929 1101 1992 98οι
1124 1945 1209 1992 vers.
1230 1929 1259 1989 7.

212 2051 246 2114 p.
266 2030 374 2092 899rss
396 2023 523 2103 Διδοὺς
545 2023 583 2114 δὴ
607 2023 644 2091 τὸ
668 2033 813 2112 πρῶτον,
841 2021 954 2112 ὥσπερ
977 2028 1035 2092 καὶ
1059 2022 1136 2093 κατ’
1155 2021 1261 2113 ἀρχὰς

124 2131 225 2220 ἔφην,
252 2129 290 2196 τὸ
314 2131 395 2216 περὶ
416 2127 477 2217 τὴν
506 2123 639 2215 εὕρεσιν
668 2137 728 2196 τοῦ
757 2135 978 2217 συγγραφέως
1008 2127 1171 2214 εὔστοχον
1196 2182 1202 2194 .
1225 2183 1259 2195 ..

125 2234 278 2321 θάτερον
294 2228 405 2300 οὐκέτι
420 2232 551 2316 δίδωμι,
567 2229 605 2297 τὸ
622 2233 702 2318 περί
717 2229 777 2309 τὰς
793 2231 988 2316 οἰκονομίας
1004 2228 1095 2320 αὐτῷ
1109 2232 1263 2316 τεχνικὸν

126 2335 217 2426 πλὴν
240 2331 297 2402 ἐπ’
315 2331 440 2422 ὀλίγων
461 2333 554 2428 πάνυ
569 2335 789 2423 δημηγοριῶν.
830 2336 982 2403 Reiskius
998 2356 1056 2402 suo
1071 2337 1141 2402 iure
1155 2337 1190 2403 in
1204 2337 1262 2402 da-

124 2443 191 2509 tivo
207 2435 301 2526 αὗτῷ
322 2440 465 2520 offendit,
491 2459 596 2522 neque
611 2440 716 2506 minus
738 2445 835 2523 recte,
854 2460 936 2524 quae
951 2441 1007 2506 ille
1022 2441 1188 2526 proposuit
1203 2435 1264 2506 αδ·
1288 2503 1290 2510 .

126 2553 193 2612 τῶν
221 2537 675 2630 ,εοὶ1.εδρεθέντων,ησοδ
703 2543 893 2610 vocabulum
921 2544 1049 2610 tametsi
1077 2565 1141 2611 non
1168 2565 1265 2629 prae-

127 2649 242 2728 cessit,
269 2647 366 2714 facile
387 2653 496 2712 tamen
519 2666 537 2711 e
559 2665 630 2712 voc.
656 2640 789 2731 εὕρεσιν
817 2645 1052 2712 subaudiatur“
1083 2649 1135 2712 vel
1157 2648 1263 2713 verbis

127 2751 333 2837 transpositis
355 2747 506 2835 θάτερον
528 2743 639 2815 οὐκέτι
661 2748 783 2832 δίδωμι
805 2744 905 2834 αὐτῷ,
932 2747 969 2814 τὸ
993 2750 1074 2834 περὶ
1096 2745 1156 2825 τὰς
1172 2748 1262 2814 οἰκο-

126 2860 250 2940 νομίας
264 2850 427 2936 τεχνικόν,
454 2873 495 2919 ea
508 2852 695 2936 Kruegerus
709 2852 830 2919 reiecit.
870 2853 1016 2932 Dativus,
1043 2852 1077 2917 ni
1091 2852 1196 2933 fallor,
1222 2873 1263 2919 ex

128 2961 227 3027 verbo
249 2957 372 3040 δίδωμι
393 2956 549 3040 originem
571 2955 675 3036 duxit3
707 2956 883 3040 genitivum
906 2949 1011 3021 αὐτοῦ
1030 2954 1138 3043 'fuisse
1163 2957 1263 3021 verba

128 3061 438 3149 respondentiaroo
460 3063 682 3146 συγγραφέως
704 3059 851 3144 probant.
891 3059 1063 3126 Latissime
1085 3059 1145 3126 hoc
1168 3059 1262 3125 vitio-

129 3187 197 3234 rum
227 3185 330 3250 genus
359 3170 465 3248 patet;
502 3163 536 3228 in
566 3183 629 3246 quo
657 3183 884 3247 nonuunquam
913 3162 1091 3231 cavendum
1121 3169 1189 3245 est,
1221 3182 1261 3229 ne

130 3270 214 3337 falsa
228 3267 368 3335 lectione
379 3266 582 3333 coniecturae
593 3265 778 3332 fulciantur.
803 3265 912 3344 Quare
924 3265 1030 3332 iacere
1041 3284 1257 3351 nonpossum,

130 3373 203 3456 quin
217 3371 259 3436 A.
277 3368 476 3452 Kiesslingio
498 3369 660 3452 obloquar,
686 3369 742 3452 qui
762 3389 797 3453 p.
813 3372 939 3434 1027css
953 3368 1165 3435 Ambrosiano
1180 3367 1262 3434 duce

128 3476 172 3542 ita
194 3473 292 3542 scribi
315 3473 383 3538 vult
410 3473 487 3555 (1.1.
513 3493 546 3557 p.
564 3474 656 3555 249):
682 3465 700 3537 δ
725 3471 927 3554 Μενέξενος,
955 3469 992 3538 έν
1013 3462 1040 3556 ᾦ
1062 3469 1121 3536 τὸν
1144 3469 1263 3536 ἐπιτά-

131 3601 210 3666 φων
226 3577 432 3661 διεξέρχεται
447 3572 558 3658 λόγον,
577 3567 620 3650 ὥς
635 3573 698 3656 μὲν
713 3572 788 3657 ἐμοὶ
804 3574 905 3652 δοκεῖ,
926 3573 1135 3661 Θουκυδίδην
1149 3596 1264 3659 παρα·

130 3677 344 3766 μιμούμενος,
371 3672 415 3755 ὡς
438 3671 471 3743 δ’
490 3671 592 3754 αὐτός
614 3699 728 3764 φησιν,
754 3675 897 3763 Ἀρχίνῳ
919 3677 976 3742 καὶ
998 3681 1107 3743 Δίωνι
1121 3671 1263 3765 (ἀγωνι-

132 3783 269 3868 ζόμενος
280 3783 334 3849 vel
346 3778 637 3869 διαμιλλώμενος).
668 3781 777 3846 Dativi
788 3801 861 3847 mea
871 3779 1001 3865 quidem
1012 3782 1172 3848 sententia
1182 3781 1263 3847 scri-

132 3889 189 3955 bae
204 3887 368 3967 debentur,
394 3885 448 3970 qui
463 3905 504 3952 ex
518 3885 616 3951 verbo
632 3888 792 3971 populosa
806 3885 947 3969 pendere
969 3885 1105 3969 putarit;
1130 3885 1262 3968 volgata

131 3991 222 4058 lectio
244 3986 400 4074 Ἀρχίνον
420 3987 478 4052 καί
499 3990 618 4052 Δίωνα
639 4007 717 4053 vera
745 3987 854 4052 neseio
881 3987 972 4053 cuius
995 3986 1177 4052 coniectura
1199 3993 1258 4051 cst.

213 4113 245 4178 p.
265 4095 371 4157 9158ss
393 4090 570 4176 Dionysius
592 4089 836 4156 Atheniensium
855 4096 888 4155 et
908 4089 1075 4155 Meliorum
1098 4087 1259 4171 dialogum

134 4196 318 4262 examinans
346 4195 447 4261 verba
472 4193 542 4259 l.V
570 4193 722 4276 c.1o5§
748 4197 762 4255 1
795 4192 841 4257 ita
869 4191 1108 4276 interpretatur:
1142 4183 1194 4254 ὅτι
1221 4186 1259 4254 τὸ

135 4297 194 4379 μέν
214 4303 313 4364 θεῖον
334 4294 414 4382 δόξη
437 4292 657 4382 γινώσκουσιν
680 4289 840 4372 ἅπαντες,
864 4291 965 4358 τὰδὲ
988 4289 1076 4377 πρὸς
1098 4286 1261 4379 ἀλλήλους
