3224 5140
589 403 632 412 -
680 367 766 446 μου
815 404 858 414 -
1231 371 1290 432 ror

153 551 210 615 καὶ
233 547 320 614 κατὰ
342 547 403 636 τὴν
425 555 626 636 προαίρεσιν
653 601 658 614 .
681 601 686 614 .
710 601 715 613 .
741 553 798 616 καὶ
820 549 906 616 κατὰ
928 548 989 638 τὴν
1010 549 1165 635 δύναμιν.
1214 557 1288 618 8191

155 643 248 718 ούτοι
271 657 471 738 προαιρέσει
493 676 528 718 τε
552 647 655 738 ὁμοίᾳ
677 651 861 740 ἐχρήσαντο
888 705 894 717 .
917 705 922 717 .
945 705 951 717 .
984 652 1229 738 καὶδυνάμεις
1252 650 1292 721 ού

154 753 243 822 πολύ
264 780 299 820 τι
321 753 550 842 διαφερούσας
580 755 680 837 ’έσχον
709 751 872 843 ἀλλήλοιιν.
921 760 1011 822 84711
1037 753 1114 822 ούτε
1143 765 1202 844 της
1231 753 1291 823 αύ-

153 867 210 946 της
235 854 277 926 ἀν
300 864 531 944 προαιρέσεως
554 857 684 938 δόξειεν
714 854 910 946 ἀμφοτέρας
939 854 1107 946 ὑπάρχειν
1129 859 1204 928 odra
1234 869 1291 948 τῆς

154 957 256 1048 αύτῆς
291 959 476 1043 δυνάμεως.
509 999 551 1010 -
585 964 621 1027 P.
648 967 769 1028 90011ss
803 963 891 1040 λέξει
924 986 958 1026 τε
992 961 1197 1050 κεκόσμηκεν
1230 961 1291 1029 αύ-

153 1063 230 1140 τούς
259 1069 400 1150 καθαρᾷ
428 1066 486 1129 καὶ
508 1077 613 1151 σαφεῖ
642 1067 699 1130 καὶ
729 1062 884 1149 συντόμῳ
911 1067 968 1130 καὶ
991 1063 1051 1142 τὰς
1078 1061 1182 1142 datae
1213 1061 1291 1150 ἀρε-

153 1166 212 1244 τὰς
248 1164 370 1251 ἐχούσῃ
403 1164 465 1254 τήν
497 1190 532 1232 τε
563 1161 730 1253 ἁρμονίαν
761 1162 867 1243 ούτως
899 1166 1041 1234 έναυλον
1075 1163 1291 1234 ἀποδέδωκεν

154 1265 222 1352 άμα
257 1281 329 1345 τοῖς
362 1263 511 1356 ἡδίστοις
545 1267 851 1355 παρεξετάζεσθαι.
913 1271 1064 1338 Reiskius
1101 1270 1290 1337 difficultate

152 1378 325 1458 perspecta
347 1371 536 1457 particulam
559 1367 642 1437 ὥστε
673 1393 729 1456 pro
753 1367 822 1455 άμα
846 1374 1006 1438 sententia
1035 1373 1190 1458 postulari
1214 1394 1291 1439 cen-

154 1483 211 1557 set,
247 1476 434 1557 Kruegerus
457 1483 626 1560 praeterea
650 1473 792 1541 έναυλον
818 1469 934 1551 αὐτοῖς
956 1476 1160 1542 scribendum
1183 1477 1291 1560 suspi-

154 1584 252 1644 catur.
294 1577 337 1642 At
360 1571 429 1659 ἅμα
453 1584 537 1643 certe
555 1579 728 1662 genuinum
746 1585 810 1656 est;
837 1578 924 1644 idem
945 1578 1067 1644 indicat
1088 1578 1291 1670 priuscclcn

154 1679 310 1745 enuntiati
343 1680 538 1746 consecutiri
574 1679 760 1748 desiderari.
823 1682 952 1764 Itaque,
993 1681 1021 1746 si
1057 1680 1129 1764 quis
1165 1681 1291 1746 Reiskii

155 1789 186 1848 et
206 1783 367 1866 Kruegcri
393 1783 590 1848 coniecturas
621 1784 789 1867 amplexus
813 1783 881 1864 erit,
916 1784 1033 1849 scribet
1062 1777 1168 1859 οὕτως
1192 1781 1291 1848 έναυ-

155 1887 214 1950 λον
236 1873 454 1968 ἀποδέδωκεν
475 1879 608 1972 (αὐτοῖς
630 1881 713 1950 ὥστε
736 1913 753 1944 κ
769 1913 786 1945 s
801 1913 818 1945 s
841 1884 913 1973 καὶ)
943 1881 1013 1968 ύμα
1042 1898 1113 1962 τοῖς
1144 1879 1290 1972 ἡδίστοις

156 1985 460 2076 παρεξετάζεσθαι.

699 2159 739 2224 V.

631 2280 811 2342 Appendix.

242 2400 367 2483 Agmen
386 2397 537 2463 claudant
559 2398 588 2462 ci
611 2397 683 2479 loci,
709 2398 873 2480 inquibus
896 2417 998 2480 neque
1013 2398 1162 2464 traditam
1179 2401 1290 2466 lectio-

157 2522 226 2566 nem
250 2521 360 2566 veram
384 2519 457 2566 esse
479 2500 578 2565 sciam
602 2507 634 2564 et
656 2507 740 2565 certo
762 2500 839 2582 quid
863 2505 1001 2565 statuam
1025 2521 1088 2565 non
1111 2501 1260 2567 habeam.

239 2606 277 2668 P.
296 2607 403 2668 lcotss
427 2601 563 2687 ἔγγιστα
587 2602 623 2666 δὲ
646 2596 748 2689 αύτῆς
777 2605 832 2687 (so.
857 2610 915 2690 της
939 2600 995 2668 διὰ
1021 2611 1087 2670 τῶν
1108 2609 1233 2691 κυρίων
1255 2629 1289 2670 τε

114 2709 118 2715 ’
157 2709 211 2772 καὶ
232 2714 355 2773 κοινῶν
381 2707 438 2770 καὶ
461 2705 496 2772 έν
518 2711 610 2790 μέσῳ
634 2710 798 2788 κειμένων
820 2700 998 2788 ὀνομάτων
1020 2705 1227 2795 ἐκφερούσης
1250 2705 1291 2772 τὰ

157 2809 321 2894 νοούμενα
345 2811 465 2889 λέξεως
488 2831 521 2894 p.
541 2812 641 2892 45513)
655 2864 657 2868 .
669 2806 753 2891 μετὰ
767 2814 907 2876 Λυσίαν
929 2804 1042 2896 ἥψατο
1061 2817 1127 2877 τῶν
1141 2817 1291 2898 πρεσβυ-

157 2920 261 3002 τέρων
283 2919 360 2990 νέος
391 2911 672 2998 έπακμάσαςέ)
702 2910 911 3000 [ἐπασκήσας
933 2915 970 2995 R]
998 2907 1189 3001 Ἰσοκράτης
1211 2916 1288 2980 Fu.

156 3017 322 3084 Reiskium
356 3037 397 3082 cx
429 3017 560 3099 volgata
589 3016 725 3082 lectione
758 3016 838 3082 haec
868 3016 1067 3084 elicientem:
1107 3012 1221 3104 ἥψατο
1251 3014 1289 3082 τὸ

156 3127 219 3186 τῶν
241 3123 483 3206 πρεσβυτέρων
499 3117 582 3194 idco
606 3116 800 3205 ἐπασκήσας
823 3118 949 3185 codices
971 3119 1131 3184 refellunt.
1171 3121 1291 3204 Taylo-

156 3243 208 3289 rus
231 3245 249 3290 e
272 3223 381 3289 codice
403 3223 672 3306 Cantabrigiensi‚
706 3242 769 3304 quc
792 3223 822 3288 ei
844 3223 890 3288 uti
912 3222 1013 3304 licuit,
1046 3225 1148 3289 locum
1172 3224 1218 3289 ita
1240 3245 1291 3290 re-

156 3327 268 3410 fingit:
306 3333 372 3393 τιῖιν
402 3330 641 3412 πρεσβυτέρων
670 3330 760 3402 νέοις
791 3323 1008 3410 ἐπακμάσας,
1046 3327 1130 3392 hanc
1162 3347 1290 3393 causam

156 3430 294 3497 addens:
332 3430 389 3509 „In
411 3429 493 3495 duas
516 3430 638 3496 classes
661 3430 823 3495 distribuit
846 3436 987 3496 oratores
1004 3430 1143 3496 Graecos
1165 3432 1291 3516 Diony-

157 3533 238 3616 sius,
280 3539 315 3597 ut
344 3533 378 3596 in
408 3531 504 3598 huius
534 3533 639 3616 operis
670 3531 820 3597 exordio:
860 3526 1017 3598 ’Ἔσονται
1050 3571 1089 3579 -
1124 3533 1292 3620 Αἰσχίνης

160 3638 201 3720 (p.
220 3637 360 3719 tuta-c).
407 3636 495 3719 Lego
518 3636 644 3718 itaque:
680 3642 746 3701 τῶν
768 3639 1010 3722 πρεσβυτέρων
1023 3641 1114 3712 νέοις
1137 3635 1292 3720 ἐπακμά-

157 3761 216 3816 σας
235 3734 441 3826 Ἶσοκράτης.
487 3740 548 3805 ΙΙΙε
575 3740 658 3806 enim
688 3739 773 3804 inter
802 3740 997 3822 antiquiores
1027 3747 1121 3806 natus
1149 3740 1287 3826 (Olymp.

158 3844 225 3908 scil.
243 3841 454 3908 Lxxxvla.
483 3843 601 3928 Ιηειυε
616 3844 699 3910 inter
714 3849 855 3910 aetatem
870 3851 902 3909 et
920 3845 1016 3928 Isaac]
1037 3851 1198 3927 utrosque,
1224 3851 1289 3909 tam

157 3947 296 4031 Ιηείοω,
323 3966 419 4028 quam
441 3949 578 4030 luccam,
613 3946 751 4014 vivendo
774 3947 948 4031 superavit,
986 3954 1018 4012 ct
1043 3948 1155 4031 paucis
1177 3947 1291 4012 diebus

156 4057 225 4134 post
260 4049 417 4134 proelium
455 4050 497 4116 ad
531 4051 751 4116 Chaeroneam
789 4052 992 4116 commissum
1032 4051 1127 4134 obiit,
1168 4051 1291 4118 decimo

224 4278 241 4340 1)
263 4241 433 4345 ἐπαγμάσας
450 4275 481 4340 F,
503 4290 565 4328 cum
584 4273 816 4344 cantabrigiensi.
