3250 5146
620 433 663 440 -
711 397 794 477 poe]
842 431 885 442 -
1279 393 1317 452 τι

269 589 300 648 2.
326 583 501 684 Arqhetypi
523 583 603 648 vitia
624 583 657 647 in
676 582 879 648 Ambrosiani
901 580 1076 666 exemplari
1098 579 1216 644 iniuria
1238 551 1321 644 tem-

178 708 295 772 porum
318 685 409 752 novis
432 686 519 752 vitiis
543 687 705 774 cumulata
728 693 810 768 sunt,
838 685 953 768 qulbus
970 684 1185 763 Florentinus,
1211 689 1319 766 utpote

180 791 237 872 qui
253 789 406 856 ducentos
422 789 489 858 fere
505 796 537 854 et
551 789 786 873 quinquaginta
804 808 904 854 annos
920 788 961 852 ab
983 786 1194 852 Ambrosiano
1210 785 1316 867 distet,

180 893 379 958 deformatus
402 912 466 957 non
489 899 548 957 est.
596 893 735 956 Probant
757 891 817 957 hoc
839 891 938 956 rerba
961 896 1019 976 της
1039 886 1171 975 εἰρήνης
1192 888 1227 952 in
1243 887 1321 951 Flo-

179 996 306 1060 rentino
329 1002 467 1075 servata,
496 1015 687 1077 quamquam
709 995 742 1061 in
759 1015 797 1060 co
820 1002 852 1060 et
873 994 944 1078 ipso
960 995 1091 1060 verbum
1115 985 1321 1072 ἀντέχεσθαι

178 1099 298 1164 lacuna
320 1117 384 1162 non
407 1097 588 1180 significata
610 1097 715 1182 periit.
755 1098 1002 1179 Ambrosianus,
1036 1095 1096 1162 etsi
1124 1115 1188 1159 non
1217 1093 1318 1158 solum

180 1202 280 1264 verbo
304 1194 510 1281 ἀντέχεσθαι
531 1201 587 1266 sed
611 1201 707 1266 ctiam
731 1207 789 1286 της
812 1197 943 1287 εἰρήνης
966 1206 1062 1278 caret,
1095 1198 1129 1263 in
1153 1218 1190 1264 eo
1212 1203 1319 1262 tamen

178 1304 333 1368 maiorem
349 1303 444 1369 fidem
459 1310 611 1388 praestat,
635 1303 720 1386 quod
735 1303 836 1369 tribus
851 1304 916 1370 illis
927 1303 1011 1394 locis
1022 1302 1168 1392 ¹spatium
1183 1320 1319 1366 vacuum

178 1407 326 1471 relictum
357 1413 422 1485 est;
455 1407 540 1471 unde
570 1391 631 1471 hoc
660 1427 785 1490 quoqne
807 1423 876 1474 ¹non
904 1405 1156 1490 improbabiliter
1184 1403 1319 1484 colligas

179 1510 404 1594 apographum
428 1509 594 1594 archetypi
617 1509 707 1590 illud,
741 1530 781 1576 cx
803 1529 866 1591 quo
888 1508 1118 1574 Ambrosianus
1144 1506 1236 1571 fluxit
1263 1507 1316 1588 (a),

179 1613 367 1696 diligentius
399 1613 626 1698 transcriptum
657 1633 730 1679 esse
758 1633 853 1696 quam
876 1613 974 1692 illud,
1009 1610 1094 1694 quod
1116 1610 1319 1676 Florentinus

178 1717 279 1782 refert
300 1717 366 1802 (s),
404 1715 507 1794 Quam
531 1716 741 1782 coniecturam
765 1737 806 1782 cx
829 1737 890 1782 uno
912 1716 972 1781 hoo
994 1717 1063 1780 loco
1085 1715 1212 1780 ductam
1233 1713 1322 1778 codi-

179 1841 252 1885 cum
283 1821 455 1886 lectionum
485 1840 620 1886 examen
651 1820 780 1884 minime
808 1819 917 1900 fallet;
957 1840 1033 1884 nam
1061 1825 1096 1883 ut
1123 1818 1183 1883 hoo
1213 1816 1319 1881 statim
1396 1864 1398 1868 ,

178 1923 396 2008 praecipiam,
429 1923 548 1989 codicis
570 1924 775 1989 Ambrosiani
799 1923 859 1988 etsi
882 1923 1011 1988 sacculo
1027 1923 1088 1986 XV
1111 1921 1239 1989 demum
1261 1939 1319 1984 ex·
1401 2001 1405 2008 ᾗ

177 2028 260 2091 arati
284 2028 379 2111 plura
402 2033 476 2092 sunt
497 2027 625 2111 propria
647 2029 731 2094 bona
753 2047 850 2108 quam
873 2025 1049 2092 Florentini
1073 2044 1156 2090 saec.
1176 2023 1251 2088 XII.

266 2129 374 2195 Ceteri
393 2129 447 2211 qni
467 2129 529 2194 huc
543 2130 704 2214 pertinent
719 2129 782 2196 loci
797 2149 991 2212 quamquam
1006 2148 1069 2194 non
1086 2125 1206 2211 pariter
1221 2145 1321 2208 quac-

178 2233 275 2298 stioni
306 2233 411 2298 lucem
442 2232 627 2313 offundunt,
660 2233 781 2298 habent
802 2239 910 2297 tamen
933 2238 965 2296 et
986 2231 1060 2315 ipsi,
1091 2249 1152 2312 quo
1175 2227 1318 2294 codicum

177 2335 452 2401 necessitudinem
474 2336 644 2401 illustrent.

266 2441 302 2504 P.
323 2441 428 2503 6085ss
452 2439 580 2504 exhibet

307 2541 510 2606 Florentinus
533 2542 593 2607 ita:
888 2541 1119 2605 Ambrosianus
1133 2539 1202 2606 ita:

177 2647 236 2708 καὶ
252 2644 282 2708 εἰ
297 2668 360 2726 μεν
376 2633 461 2709 εὖτε
477 2651 536 2708 τῶι
551 2641 654 2728 λόγιοι
666 2667 724 2722 πι-
777 2645 834 2707 καὶ
849 2643 879 2708 εἰ
893 2649 1030 2725 μενεῦτε
1052 2646 1126 2726 (ras.
1142 2661 1238 2726 supra
1254 2665 1268 2704 ε
1289 2642 1315 2721 1)

178 2744 328 2812 στεύειν·
356 2746 386 2811 εἰ
402 2746 437 2811 δε
451 2771 506 2832 μη,
529 2753 591 2812 νῦν
611 2744 725 2832 παρά-
776 2747 839 2812 lac.
863 2746 1057 2810 9—1olitt.
1082 2751 1128 2807 τω
1149 2741 1237 2828 λόγια
1261 2765 1320 2807 πι-

178 2855 306 2931 σχεσθε
328 2846 512 2934 μάρτυρας,
540 2849 571 2913 εἲ
591 2873 623 2913 τι
640 2855 725 2932 ψελι-
777 2845 922 2913 στεύειν·
949 2847 1033 2912 sirii
1053 2844 1108 2934 μὴ,
1135 2853 1197 2928 νῦν
1212 2850 1320 2929 παρέ-

178 2953 238 3028 ὁος
256 2942 295 3038 ην
316 2943 362 3016 ὧν
384 2949 586 3037 ἐλογισάμην
608 2945 720 3038 αὐτῆς.
777 2956 903 3032 oqueris
919 2949 1109 3036 μάρτυρας·
1135 2949 1167 3014 εἴ
1187 2973 1220 3030 τι
1235 2955 1320 3031 ψεῦ-

777 3055 834 3130 δος
850 3043 891 3140 ἦν
912 3044 958 3136 ὧν
980 3049 1183 3138 ἐλογισάμην
1204 3044 1316 3136 αὐτῆς.

177 3159 413 3224 Ambrosianus
435 3159 583 3223 lacunam
599 3159 632 3222 in
648 3157 831 3224 Florentino
851 3177 1018 3242 perperam
1034 3156 1246 3222 oblitteratam
1265 3175 1321 3219 ac-

179 3271 290 3327 curate
314 3261 465 3326 servavit.
675 3309 676 3314 ι

268 3367 303 3429 P.
324 3367 429 3430 579css
441 3396 483 3421 =
496 3366 592 3429 Isocr.
610 3372 729 3448 trapez.
757 3364 774 3447 b
790 3368 809 3426 4
833 3363 933 3429 habes

324 3466 358 3530 in
381 3467 577 3532 Florentino:
904 3466 939 3530 in
961 3465 1188 3530 Ambrosiano:

179 3567 401 3655 ἐπεθύμησεν
409 3564 636 3655 ἆποὸημησαι.
650 3567 724 3632 ἐπι·
779 3565 997 3654 ἐπεθύμησεν
1007 3562 1226 3653 ἀποδημῆσαι
1239 3567 1242 3651 l
1256 3569 1317 3632 lac.

179 3669 413 3760 ὄημησαςδέ
432 3666 725 3758 ὃπατηρμοοέὑο
780 3670 987 3751 ro-rslitt.
1015 3659 1133 3756 ὁτῗηρ
1164 3694 1230 3751 μου
1260 3667 1320 3735 δύο

177 3783 261 3851 ναῦς
285 3781 355 3840 ποῦ
382 3776 413 3858 (l.
435 3779 538 3858 σίτου)
566 3775 622 3838 καὶ
644 3771 726 3860 χρή·
777 3779 860 3848 ναῦς
883 3795 952 3838 πον
978 3775 1009 3857 sl.
1030 3777 1133 3856 σίτου)
1161 3773 1218 3836 καὶ
1239 3769 1320 3858 χρή-

179 3903 270 3961 ματα
306 3874 385 3953 δοὺς
427 3875 620 3960 ἐξέπεμψεν
656 3870 725 3957 ἅμα
777 3899 868 3957 ματα
906 3872 984 3952 δοὺς
1023 3874 1215 3958 ἐξέπεμψεν
1251 3869 1320 3956 ἅμα

179 3983 415 4065 κατεμπορίαν
430 3981 486 4060 καὶ
502 3984 664 4064 θεωρίαν.
761 3972 853 4042 Υκατ’
873 3976 1042 4063 ἐμπορίαν
1061 3979 1118 4042 καὶ
1133 3982 1296 4063 θεωρίαν.

179 4083 279 4164 Vide,
314 4103 451 4165 quaese,
486 4103 581 4164 quam
611 4089 731 4146 temere
754 4100 817 4145 vox
843 4078 1054 4167 ἐπιδημήσας
1081 4081 1115 4144 in
1137 4080 1320 4145 Florentino

178 4187 373 4271 interpolata
385 4186 440 4266 sit;
463 4185 610 4252 estcnim
622 4183 773 4250 Isocratis
787 4183 959 4266 genuinum
977 4189 1127 4267 γεμίσας.
1153 4184 1232 4250 Inde
1244 4185 1320 4248 Flo-

179 4291 297 4372 rentini
312 4289 460 4354 lectionis
476 4289 556 4354 fides
572 4282 809 4368 auctoritasque
825 4285 921 4350 etiam
942 4311 974 4374 p.
991 4292 1097 4352 bllass
1112 4288 1238 4368 corruit,
1264 4287 1319 4351 ubi
