3182 5136
575 427 618 436 -
666 392 749 472 [coo]
796 425 839 435 -
1212 391 1274 452 215

138 576 362 644 κατεσκεύασε
385 577 456 642 κτλ.
488 577 638 644 continuo
661 578 765 664 excipi
789 579 906 646 debere
929 598 1033 662 neque
1062 579 1151 645 aliud
1178 578 1278 644 iuter-

138 684 214 768 poni
249 683 448 748 enuntiatum
484 681 552 767 pati
581 689 614 748 ct
641 684 811 748 verborum
838 689 997 748 structura
1030 683 1215 768 comprobat
1245 688 1277 747 et

138 786 219 852 ratio
243 787 347 852 docet.
394 785 437 852 Ut
459 785 566 850 brevis
590 785 660 867 sim,
692 788 792 852 verba
814 783 994 872 κράτιστον
1016 787 1053 852 δὲ
1076 783 1217 852 πάντων
1232 781 1276 849 τὸ

138 889 244 976 μηδὲν
268 887 429 964 ἑκουσίως
454 885 646 972 ψεύδεσθαι
675 889 759 976 μηδὲ
781 893 929 972 μιαίνειν
956 888 1016 977 την
1038 883 1144 956 αὑτοῦ
1167 895 1278 956 συνεί-

138 993 236 1080 δησιν
257 992 386 1060 lectoris
409 999 493 1074 sunt,
525 992 558 1056 ni
581 993 685 1072 fallor,
716 992 894 1075 christiani,
921 993 1012 1060 cuins
1033 993 1187 1060 intererat
1208 995 1275 1061 veri

137 1097 281 1164 studium
311 1097 450 1162 omnium
478 1095 678 1182 Thucydidis
708 1097 860 1164 virtutum
887 1099 1196 1182 praestantissimam
1226 1099 1277 1166 di-

138 1208 222 1268 serte
245 1197 446 1284 praedicare.
492 1200 593 1280 Idem,
619 1221 660 1266 ns
683 1201 755 1283 qnis
778 1201 819 1266 dc
834 1201 1011 1267 abiciendis
1031 1202 1162 1287 ineptiis
1183 1202 1277 1269 dubi-

137 1313 190 1386 tet,
218 1303 308 1385 alibi,
342 1310 495 1387 quantam
517 1303 582 1370 vim
604 1304 674 1389 ipse
695 1305 823 1370 veritati
845 1305 1007 1387 tribueret,
1040 1307 1147 1390 planis
1170 1308 1276 1374 verbis

137 1407 333 1474 declaravit:
367 1427 400 1491 p.
420 1408 526 1471 816155
549 1407 629 1472 hacc
660 1414 734 1473 sunt
755 1407 902 1492 Dionysii
928 1409 1044 1474 verba:
1078 1403 1188 1486 οὐδεὶς
1216 1405 1276 1476 αὐ-

137 1518 182 1596 τῷ
203 1514 259 1594 (sc.
278 1508 447 1593 Πλάτωνι)
469 1503 546 1574 κατ’
565 1503 646 1575 αὐτό
671 1533 707 1594 χε
731 1517 829 1576 τοῦτο
852 1508 992 1597 ἐπιτιμᾷ
1008 1509 1273 1596 ἐνθυμούμενος,

138 1609 190 1679 ότι
219 1621 280 1700 τῆς
309 1609 503 1700 φιλοσόφου
525 1617 676 1699 θεωρίας
702 1611 832 1692 σκοπός
861 1612 952 1681 ἐστιν
980 1608 999 1702 ἡ
1023 1623 1081 1703 τῆς
1112 1611 1276 1704 ἀληθείας

139 1725 273 1803 γνῶσις.
321 1716 419 1782 Addit
447 1717 504 1782 ille
528 1709 590 1803 ἀφ’
609 1707 648 1804 ἧς
675 1718 732 1782 καὶ
760 1714 797 1782 τὸ
828 1725 888 1784 τοῦ
915 1722 993 1801 βίου
1022 1721 1118 1810 τέλος
1148 1725 1277 1805 γίνεται

138 1817 313 1907 φανερόν·
347 1820 452 1886 Nimis
481 1821 626 1904 ineptum
649 1821 835 1906 Krucgcrus
861 1821 1051 1906 Dionysium
1082 1823 1143 1889 sibi
1170 1824 1271 1908 fingit,

138 1946 208 1992 oum
225 1925 361 1990 adnotat
382 1927 421 2009 (p.
442 1927 516 2008 67):
552 1914 940 2012 ,,σ’1φ’ἦς-φανερόν].
980 1925 1070 1992 Haec
1085 1926 1191 1993 alieno
1206 1929 1275 1993 loco

137 2028 230 2094 illata
252 2027 410 2107 videntur,
445 2034 480 2092 ut
509 2027 611 2093 obelis
633 2027 775 2094 notanda
803 2035 967 2112 putarem,
999 2029 1062 2094 nisi
1084 2029 1275 2116 Dionysium

138 2151 188 2197 me
210 2137 351 2196 tractare
373 2128 592 2197 reconderem.

222 2255 255 2319 p.
276 2236 396 2298 826nss
419 2232 550 2321 Καινὴν
573 2233 609 2298 δέ
624 2258 699 2299 τινα
722 2234 779 2298 καί
796 2228 914 2322 ἀτριβῆ
931 2247 1001 2312 τοῖς
1018 2230 1132 2314 ἄλλοις
1151 2259 1276 2323 πορευ-

137 2343 244 2426 θῆναι
271 2338 456 2424 βουληθείς
486 2331 567 2403 ὁδὸν
594 2342 747 2421 θερείαις
774 2339 831 2402 καὶ
860 2344 1042 2425 χειμερίοις
1070 2341 1131 2406 luc.
1155 2343 1173 2404 3
1197 2341 1274 2424 litet

140 2441 351 2508 13—151itt.
385 2440 517 2528 ἐμέρισε
547 2438 607 2528 τὴν
636 2441 788 2528 ἱστορίαν
809 2443 853 2508 Μ.
900 2444 1103 2510 Ambrosiuni
1125 2445 1274 2511 lacunam

136 2547 181 2612 ita
203 2546 273 2612 fere
296 2545 489 2630 explendam
513 2563 585 2611 esse
614 2550 796 2631 χειμερίοις
817 2541 970 2634 (ὥραις
999 2541 1274 2638 ἀκολουθῶν)

136 2648 314 2736 probabilis
337 2656 387 2715 cst
408 2651 446 2714 R.
466 2647 618 2714 Schoellii
641 2649 822 2716 coniectura
849 2671 907 2736 per
928 2651 1078 2734 colloquii
1106 2652 1274 2718 familiaris

136 2754 339 2821 occasionem
362 2773 486 2818 mecum
505 2751 745 2835 communicata,
772 2754 812 2818 cl.
838 2775 870 2838 p.
890 2757 994 2820 826155
1018 2749 1180 2840 οὔτεγὰρ
1204 2767 1275 2831 τοῖς

136 2855 258 2934 τόποις
284 2908 291 2921 .
314 2907 348 2920 ..
375 2850 575 2922 ἀκολουθῶν
591 2853 722 2942 ἐμέρισε
745 2853 806 2932 τὰς
822 2853 989 2944 διηγήσεις
1015 2907 1021 2921 .
1043 2907 1077 2922 ..
1105 2851 1180 2923 οὔτε
1204 2871 1275 2934 τοῖς

137 2961 273 3048 χρόνοις
295 2961 366 3024 κτλ.
413 2960 463 3025 Ad
485 2960 674 3026 femininum
696 2965 865 3046 χειμέριος
888 2961 1034 3027 conferas
1056 2963 1096 3026 A.
1115 2963 1153 3026 R.
1172 2963 1216 3027 VI
1232 2965 1273 3026 62

136 3086 167 3150 p.
187 3067 264 3129 2861
296 3057 367 3149 ὥρᾳ
395 3061 491 3140 ἔτους
520 3067 689 3148 χειμερίῳ.
736 3065 809 3129 132
831 3085 862 3148 p.
884 3067 938 3130 39⁵
961 3061 1046 3146 μετὰ
1075 3061 1135 3141 τὰς
1162 3089 1274 3148 χειμε-

137 3172 229 3253 ρίους
253 3163 395 3252 τροπάς.

222 3292 256 3356 p.
276 3271 397 3336 83710ss
418 3264 495 3356 ’Ἑτη
519 3265 582 3356 γὰρ
607 3265 694 3334 ἑπτὰ
716 3270 774 3333 καὶ
796 3269 903 3335 ε’ίκοσι
925 3269 1186 3358 περιειληφότος
1213 3277 1274 3336 τοῦ

137 3361 291 3456 πολέμου
313 3369 427 3438 πάντα
450 3371 511 3438 τὸν
532 3370 657 3459 χρόνον
678 3379 799 3439 τοῦτον
821 3372 884 3450 ἕως
906 3381 964 3461 τῆς
982 3371 1196 3450 καταλύσεως
1212 3368 1274 3440 αὖ·

140 3485 200 3543 τοῦ
228 3472 358 3559 βιώσας
379 3481 478 3562 μέχρι
507 3483 568 3541 τοῦ
597 3475 755 3562 δευτέρου
784 3477 840 3541 καί
869 3476 1023 3543 εἰκοστοῦ
1051 3481 1274 3560 κατεβίβασεν

136 3579 232 3657 έτους
255 3576 317 3666 τὴν
337 3578 490 3664 ἱστορίαν
515 3631 522 3644 .
544 3631 550 3644 .
573 3631 579 3644 .
605 3581 662 3644 καί
684 3586 790 3646 ταῦτα
813 3578 1021 3667 προειρηκὼς
1040 3579 1077 3647 ἐν
1092 3587 1138 3666 τῷ
1153 3605 1275 3668 προοι-

136 3689 201 3770 μίῳ
225 3680 341 3749 πάντα
363 3681 622 3770 περιλήψεσθαι
644 3681 685 3748 τὰ
700 3689 903 3770 πραχθέντα
919 3681 1005 3749 κατὰ
1019 3681 1117 3751 τόνδε
1133 3683 1194 3752 τὸν
1208 3683 1274 3751 πό-

137 3788 254 3869 λεμον·
281 3787 338 3850 καί
355 3785 391 3852 ἒν
406 3793 445 3871 τῇ
460 3791 600 3872 πέμπτη
615 3788 722 3872 βίβλῳ
739 3785 845 3854 πάλιν
868 3789 1219 3875 ουνεκεφαλαίον
1237 3812 1272 3853 τε

138 3887 214 3967 τοὺς
236 3888 381 3976 χρόνους
397 3884 458 3977 ἀφ’
475 3881 515 3956 οὗ
532 3884 561 3953 τ’
579 3885 703 3977 ἤρξατο
726 3892 783 3955 καὶ
805 3896 904 3978 μέχρι
919 3882 959 3958 οὗ
977 3889 1161 3977 προελθὼν
1175 3915 1273 3956 κατε-

139 3992 225 4081 λύθη
249 4000 356 4059 ταῦτα
379 3991 465 4058 κατὰ
487 3994 578 4072 λέξιν
600 3991 776 4081 γεγραφώς
797 3996 841 4060 Μ.
887 3996 1115 4080 Imperfectum
1139 4016 1273 4062 συνεκε-

141 4099 290 4184 φαλαίου
322 4099 411 4164 nullo
443 4097 537 4163 modo
567 4098 599 4162 in
627 4097 781 4164 enuntiati
817 4105 1008 4166 structuram
1042 4096 1200 4182 quadrare
1229 4098 1268 4178 ie,

141 4201 192 4284 qui
219 4202 370 4284 volgatae
403 4201 572 4267 lectionem
607 4202 932 4290 συνανακεφαλαιῶν
959 4202 1149 4284 introduxit,
1186 4207 1271 4266 recte

142 4305 311 4390 perspexit,
337 4324 531 4388 quamquam
546 4325 588 4371 ne
603 4305 649 4370 ita
663 4305 791 4388 quidem
806 4307 895 4372 locus
911 4312 1052 4372 sanatur.
1093 4305 1177 4370 Nam
1193 4325 1273 4369 συν-
