3182 5136
570 317 613 330 --
644 283 745 367 μω]
792 319 834 330 -
1211 285 1274 348 1111

142 475 246 536 577115
276 478 408 558 χρῶμαι
429 470 681 557 παραδείγματι
704 468 740 550 ἐξ
762 464 872 537 αὐτῶν
893 468 958 537 ἑνί·
986 464 1026 537 οὑ
1047 467 1110 557 γάρ
1135 470 1300 559 ἐγχωρεῖ.

141 576 285 640 πλείοσι.

225 734 260 798 p.
280 713 385 777 613sss
422 711 507 776 Τοτέ
541 711 577 776 δὲ
610 708 965 798 προκατασκευάζεταί
997 735 1073 778 τινα
1106 709 1174 798 πρὸ
1208 719 1276 778 τῶν

146 813 329 904 διηγήσεων
350 811 534 902 πράγματα
557 815 614 879 καὶ
635 812 872 901 προλαμβάνει
893 811 935 878 τδι
951 815 1127 899 μέλλοντα,
1154 837 1275 881 πιστο-

145 923 242 1005 τέρας
266 913 370 994 αὑτὰς
392 914 412 1006 ή
433 912 509 983 κατ’
528 913 609 983 ἀλλο
639 942 672 982 τι
693 921 946 1005 χρησιμωτέρας
975 915 1133 1005 ποιήσειν
1162 915 1275 1001 οἰόμε-

144 1045 211 1100 νος.
259 1023 332 1087 Non
354 1017 396 1085 τά
418 1021 584 1104 μέλλοντα
613 1021 789 1107 praemittit
809 1022 933 1105 IsaeuS,
966 1022 1024 1088 sed
1046 1017 1088 1087 τδι
1108 1021 1274 1104 μέλλοντα

143 1129 345 1211 πιστοτέρας
368 1119 472 1202 αὑτὰς
498 1175 505 1188 .
527 1175 534 1188 .
556 1175 562 1188 .
588 1121 755 1212 ποιήσειν,
780 1123 929 1206 idemque
951 1125 1132 1210 exemplum
1154 1146 1175 1190 a
1196 1125 1276 1191 Dio·
1390 1192 1401 1210 ‚

143 1229 234 1314 nysio
256 1231 416 1315 prolatum
437 1229 562 1314 probat.
609 1229 849 1314 Supervacuum
877 1227 976 1312 igitur
998 1235 1048 1295 est
1069 1229 1274 1314 spuriumque

143 1333 272 1399 verbum
297 1329 461 1416 οἰόμενος,
498 1331 585 1414 quod
607 1353 628 1398 a
648 1333 767 1399 lectore
789 1329 946 1420 ποιήσειν
968 1354 987 1400 e
1009 1353 1088 1400 voce
1110 1335 1275 1416 μέλλοντα

142 1436 280 1522 pendere
300 1437 468 1519 ignorante
490 1443 609 1502 temere
632 1434 777 1502 additum
800 1443 860 1504 est.

231 1595 264 1658 p.
284 1575 404 1638 61317ss
427 1577 550 1660 Διττής
573 1572 609 1638 δὲ
625 1580 683 1661 τής
700 1567 982 1662 ἀμφισβητήσεως
996 1568 1274 1663 ὑπαρχούσης...

143 1699 174 1764 p.
195 1681 271 1743 614³
301 1683 438 1764 πρῶτον
466 1671 618 1753 ἀποδοὺς
646 1673 706 1743 τὸν
734 1670 821 1764 ὑπὲρ
852 1684 918 1744 τῶν
945 1675 1060 1761 νόμιον
1089 1675 1276 1764 λόγονκαὶ

143 1787 248 1847 ταῦτα
272 1775 455 1859 ἀποδείξας
477 1778 515 1845 τὸ
538 1785 650 1868 μέρος,
685 1773 729 1858 ιὺς
752 1775 792 1848 οὑ
815 1780 867 1846 δεῖ
888 1779 947 1847 τὸν
970 1779 1124 1847 ἐπίδικον
1145 1793 1278 1868 κρατεῖ-

144 1889 230 1949 σθαι
251 1884 373 1971 κλήρου
403 1880 470 1969 πρὸ
495 1883 604 1971 δίκης,
640 1877 746 1960 οὑτως
770 1883 828 1949 ἐπὶ
858 1881 918 1971 τήν
948 1881 1101 1972 διήγησιν
1130 1883 1273 1970 ἐ’ρχεται.

142 1989 250 2054 Verba
272 1993 419 2071 eorrupta
441 1987 626 2052 καὶταῦτα
652 1979 834 2066 ἀποδείξας
856 1985 894 2052 τὸ
917 1991 1019 2073 μέρος
1043 1987 1204 2073 Sauppius
1227 2009 1272 2054 or.
1373 2037 1375 2042 -

144 2092 208 2156 Att.
226 2091 258 2155 Π
279 2111 311 2175 p.
331 2091 436 2156 iruna
465 2090 511 2155 ita
540 2090 740 2156 emendavit:
780 2089 866 2155 κατὰ
895 2097 994 2156 τοῦτο
1026 2084 1209 2171 ἀποδείξας
1238 2088 1276 2156 τὸ

145 2199 255 2279 μέρος.
302 2193 412 2259 Malim
435 2200 559 2269 tamen‚
593 2194 669 2278 quia
699 2201 731 2260 et
758 2194 929 2279 partieipia
953 2188 1104 2271 ἀποδούς
1134 2201 1167 2261 et
1190 2189 1278 2259 ἀπο-

146 2298 256 2376 δείξας
285 2303 396 2381 aperte
425 2295 517 2362 iuxta
544 2297 650 2382 posita
679 2303 769 2378 sunt,
809 2317 913 2382 neque
942 2303 1117 2377 structura,
1151 2299 1278 2381 qualem

148 2399 307 2485 Sauppius
330 2401 408 2480 vult,
444 2420 484 2465 ex
507 2399 655 2486 Dionysii
677 2421 764 2466 more
787 2407 845 2481 est,
878 2401 925 2466 ita
946 2401 1045 2466 verba
1068 2400 1274 2468 constituere:

149 2497 298 2580 ἀποδοὺς
321 2500 380 2567 τὸν
395 2495 482 2588 ὑπὲρ
499 2509 565 2568 τῶν
578 2499 694 2586 νόμων
716 2499 818 2588 λόχον
832 2503 889 2568 καὶ
905 2499 1059 2591 (κατὰ)
1078 2497 1171 2568 τοῦτ’
1191 2497 1279 2567 ἀπο-

147 2607 257 2686 δείξας
280 2603 317 2670 τὸ
341 2610 443 2691 μέρος
465 2607 535 2670 κτλ.
583 2605 731 2672 Ceterum
753 2607 871 2672 locutio
893 2602 979 2670 κατὰ
1002 2613 1100 2672 τοῦτο
1124 2603 1161 2670 τὸ
1177 2611 1279 2692 μέρος

147 2709 277 2796 saepius
306 2707 394 2794 apud
423 2709 614 2794 Dionysium
645 2710 796 2787 occurrit;
838 2709 877 2774 ni.
904 2731 937 2794 p.
959 2712 1032 2774 118⁵
1064 2703 1123 2775 οὑκ
1154 2704 1196 2775 ἀν
1228 2733 1279 2786 τις

148 2807 249 2878 αὑτὸν
272 2810 344 2893 ἐ’χοι
372 2807 458 2876 κατὰ
481 2818 579 2877 τοῦτο
608 2815 818 2895 μέμψασθαι
839 2807 876 2878 τὸ
899 2815 1012 2898 μέρος.
1063 2815 1151 2877 13411
1175 2807 1215 2878 οὑ
1237 2810 1277 2899 δή
1390 2891 1393 2900 λ

148 2909 359 2996 ἀποδέχομαι
381 2911 441 3001 τήν
463 2913 594 3000 αἵρεσιν
617 2913 751 3002 ἐκείνην
768 2911 854 2978 κατδι
877 2921 975 2979 τοῦτο
991 2912 1028 2978 τδ
1046 2918 1158 3001 μέρος.
1202 2919 1277 2978 1711

147 3017 231 3083 έοικε
266 3013 353 3082 κατά
382 3024 480 3083 τοῦτο
510 3015 548 3082 τὸ
582 3021 684 3104 μέρος
714 3011 879 3104 εὐητρίοις
908 3011 1024 3104 ὑφαῖς.
1072 3023 1164 3082 45412
1192 3015 1279 3082 κατὰ

147 3127 243 3187 τοῦτο
267 3119 331 3204 μέν
352 3117 392 3208 δή
415 3117 452 3184 τὸ
473 3124 575 3206 μέρος
601 3170 606 3183 .
630 3170 636 3183 .
658 3170 665 3184 .
692 3115 809 3196 οάθείς
831 3127 898 3188 τῶν
910 3124 1202 3206 μεταγενεστέρων
1217 3114 1278 3185 cui-

150 3221 207 3290 τὸν
228 3217 473 3309 ὑπερεβάλετο.
520 3225 597 3288 7572
627 3216 701 3288 οὐδ’
728 3219 770 3290 ἀν
796 3247 847 3299 τις
876 3222 948 3305 έχοι
972 3217 1049 3288 κατ’
1074 3216 1156 3311 αὑτὸ
1180 3229 1278 3288 τοῦτο

147 3329 356 3412 μέμψασθαί
387 3349 428 3408 με
462 3323 499 3390 τδ
527 3329 641 3412 μέρος.
698 3330 795 3392 10069
825 3321 865 3394 οὑ
893 3325 960 3414 μήν
987 3327 1098 3392 τελεία
1127 3349 1164 3412 γε
1193 3323 1280 3391 κατὰ

95 3484 100 3496 .
147 3437 244 3498 τοῦτο
269 3427 307 3494 τὸ
331 3433 442 3516 μέρος.
491 3432 567 3494 7531
590 3423 675 3494 καθ’
695 3427 712 3495 ὃ
735 3434 837 3516 μέρος
865 3424 985 3518 ήττους
1015 3429 1048 3495 οἱ
1070 3427 1199 3496 τούτων
1221 3426 1279 3495 λό-

148 3559 198 3620 γοι
221 3533 288 3600 εἰσὶ
308 3539 375 3598 τῶν
397 3531 536 3598 ἐκείνου.

231 3695 265 3760 p.
286 3675 408 3736 6141³ss
430 3669 569 3748 Πολλὰς
592 3664 625 3736 δ’
644 3665 687 3738 ἀν
709 3670 820 3755 ’έχοιμι
841 3672 899 3736 καί
918 3668 1022 3748 άλλας
1037 3676 1281 3759 παρασχέσθαι

149 3773 315 3864 διηγήσεις
337 3771 425 3860 πρδς
455 3770 492 3839 τδ
518 3777 693 3861 συμφέρον
716 3768 975 3862 ᾠκονομημένας
997 3768 1065 3841 ὑπὸ
1096 3781 1157 3841 τοῦ
1182 3772 1281 3862 ῥήτο-

150 3904 204 3965 ρος
227 3889 530 3965 προκατασκευαῖς,
556 3889 743 3963 μερισμοῖς,
769 3883 903 3966 χωρίων
923 3872 1096 3964 ἀλλαγαῖς,
1122 3876 1282 3964 πραγμά-

150 4007 213 4048 των
235 3990 457 4067 μεταγωγαῖς,
483 3987 529 4066 τῴ
544 3978 586 4044 τὰ
601 3979 772 4068 κεφάλαια
790 3975 1039 4069 ἀνεστράφθαι,
1066 3987 1112 4067 τῷ
1134 3980 1179 4068 μή
1195 3978 1281 4046 κατὰ

152 4084 226 4164 τοὺς
247 4081 392 4172 χρόνους
414 4081 456 4148 τά
478 4088 680 4170 πραχθέντα
698 4083 867 4172 εἰρῆσθαι,
894 4092 941 4171 τῷ
955 4079 999 4162 ὡς
1020 4083 1065 4172 μή
1081 4082 1195 4151 πάντα
1217 4108 1281 4170 μη-

154 4189 261 4272 δαμῶς
285 4183 390 4276 φάσιν
411 4181 481 4270 εἶχε
504 4192 704 4275 πραχθῆναι
726 4183 806 4276 μηδ’
833 4181 876 4264 ὡς
900 4183 942 4255 ἀν
964 4185 1096 4276 ἰδιώτης
1118 4210 1169 4264 τις
1189 4185 1282 4252 ε’ίποι
