3182 5136
306 353 367 414 ms
736 384 778 393 -
827 347 910 428 γεω]
958 381 1001 390 -

309 535 345 602 τό
369 534 491 613 κάλλος
518 585 581 599 ...
608 533 644 600 ἐν
667 541 713 619 τῷ
736 539 882 620 περιττηῖ
905 538 1099 616 τιθεμένου.
1147 537 1222 596 δῦθι
1247 531 1284 596 τὸ
1310 531 1453 600 ἐλεύθε-

309 664 369 726 ρον
392 634 452 705 οὐκ
477 637 513 704 ἐν
535 645 582 724 τῷ
604 649 833 725 καταφρονεῖν
855 643 920 702 τῶν
947 631 1130 724 ἀρχόντων,
1164 629 1240 699 ἀλλ’
1268 634 1304 702 ἐν
1332 643 1380 722 τῶ
1411 633 1452 700 τά

310 738 512 824 κελευόμενα
546 751 659 806 ποιεῖν
693 744 868 805 τίθεσθαι.
922 739 962 803 A.
987 740 1025 802 R.
1051 739 1130 804 136
1161 759 1193 823 p.
1220 743 1290 804 4312
1323 739 1448 805 Kiessl.

310 843 369 910 τόν
392 843 427 908 ἐκ
451 851 510 931 γης
533 844 683 909 πλούτου
706 837 765 908 οὐκ
789 841 826 908 ἐν
847 847 910 928 μιᾷ
932 845 1073 924 τίθεμαι
1094 848 1236 927 καρπῶν
1258 840 1342 926 ἰδέᾳ.

351 1013 371 1028 “
395 1018 427 1081 p.
452 1000 576 1062 liitssnss
598 997 774 1081 Dionysius
798 995 948 1062 Isocratis
971 995 1142 1060 dictionem
1165 995 1354 1078 vituperans
1377 1015 1450 1059 cum

309 1100 374 1164 alia
397 1101 487 1184 ponit
516 1108 583 1164 tum
614 1099 692 1166 hoc:
736 1097 782 1164 Τὸ
808 1093 839 1163 δ’
866 1097 901 1163 ἐκ
931 1095 1061 1174 παντὸς
1091 1091 1226 1184 ἡδύνειν
1253 1096 1312 1174 τὰς
1345 1092 1452 1174 ἀκοὰς

310 1197 474 1289 εὐφώνων
494 1227 529 1268 τε
551 1204 608 1267 καί
624 1201 786 1268 ἐκλεκτῶν
801 1196 979 1284 ὀνομάτων
995 1200 1113 1285 ἐκλογῇ
1129 1202 1184 1265 καὶ
1201 1197 1314 1266 πάντα
1332 1194 1453 1280 ἀξιοῦν

309 1305 358 1382 εἰς
380 1300 574 1390 εὐρύθμους
596 1307 806 1371 κατακλείειν
829 1302 1000 1392 περιόδων
1024 1299 1187 1390 ἁρμονίας
1217 1306 1274 1369 καὶ
1304 1303 1362 1370 διὰ
1386 1312 1453 1370 τῶν

308 1415 498 1494 θεατρικῶν
521 1406 702 1496 σχημάτων
724 1408 952 1488 καλλωπίζειν
967 1405 1144 1492 τὸνλόγον
1160 1402 1219 1473 οὐκ
1235 1397 1275 1495 ἦν
1290 1416 1452 1494 πανταχη

306 1509 473 1597 χρήσιμον
494 1513 538 1576 Μ.
585 1514 646 1577 Pro
669 1512 826 1578 adiectivc
851 1511 1013 1577 ἐκλεκτῶν
1034 1532 1055 1576 a
1078 1512 1250 1596 Sylburgio
1279 1513 1313 1576 in
1337 1513 1450 1596 suspi—

310 1616 433 1681 cionem
455 1623 568 1682 vocato
591 1615 742 1681 Rciskius
766 1610 931 1681 εύλέκτων
953 1615 1049 1680 scribi
1071 1617 1154 1694 vult;
1181 1614 1240 1680 sed
1262 1615 1387 1680 fallitur
1402 1615 1451 1684 vir

309 1718 421 1785 doctus
448 1720 595 1785 verbum,
609 1719 739 1784 minime
763 1719 922 1784 Graecum
950 1717 1117 1784 exhibens.
1165 1718 1304 1784 Verbum
1334 1718 1451 1800 genui-

309 1841 402 1902 num,
436 1821 592 1904 quidquid
620 1821 696 1902 fuit,
729 1821 901 1887 alibraric
924 1821 966 1886 ad
994 1821 1173 1905 proximam
1196 1841 1305 1886 vocem
1331 1819 1450 1905 ἐκλογῇ

310 1925 478 1990 aberrante
501 1925 535 1988 in
558 1923 718 1990 ἐκλεκτῶν
740 1932 924 2010 corruptum
947 1931 1005 1992 cst.
1047 1924 1225 2008 Dionysius
1247 1924 1389 2008 scripsit,
1416 1926 1448 1989 ni

310 2027 414 2106 fallor,
448 2021 610 2113 εὐφώνων
632 2052 667 2094 τε
690 2029 748 2092 καὶ
769 2028 970 2110 μαλακῶν
1000 2021 1178 2110 ὀνομάτων
1201 2026 1337 2112 ἐκλογῇ;
1372 2028 1445 2092 sim.

311 2152 342 2214 p.
364 2133 475 2194 107612
499 2128 534 2210 ἐξ
556 2126 757 2218 εὐφώνων
780 2135 980 2216 συγκεῖσθαι
1003 2128 1210 2216 γραμμάτων
1232 2131 1290 2193 καί
1311 2131 1449 2211 μαλα-

310 2239 403 2314 κῶν,
444 2234 485 2300 cf.
519 2255 594 2318 pag.
623 2241 680 2300 101
714 2235 756 2300 ad
785 2258 817 2321 p.
845 2239 995 2300 107611ss.
1043 2255 1076 2318 p.
1103 2238 1170 2298 6611
1206 2238 1345 2319 τραχέσι
1374 2235 1447 2299 λεῑα

309 2341 472 2420 μίσγοντα
496 2338 552 2401 καὶ
576 2339 731 2425 σκληροῖς
752 2334 923 2421 μαλακὰ
945 2339 1003 2402 καί
1024 2333 1237 2422 κακοφώνοις
1260 2332 1446 2423 εὐφωνα.

309 2439 391 2504 Hinc
419 2441 522 2506 locum
553 2441 594 2506 dc
616 2461 644 2506 c.
669 2463 701 2508 v.
727 2443 802 2508 libri
823 2463 855 2526 p.
878 2447 996 2506 167nss
1025 2440 1247 2523 corrigendum
1277 2448 1374 2526 puto:
1409 2440 1446 2506 τὸ

309 2539 564 2628 προηγούμενον
593 2546 730 2610 κῶλον.
756 2595 762 2609 .
784 2594 791 2607 .
816 2548 960 2632 μετρίως
991 2537 1144 2630 ἁρμόσας
1174 2537 1191 2608 ό
1217 2537 1299 2631 ἀνὴρ
1331 2539 1376 2620 ῶς
1407 2539 1448 2611 ἐν

310 2639 467 2731 εὐφωνόν
489 2671 524 2711 τε
547 2647 603 2712 καὶ
626 2644 773 2730 μάλιστα
797 2652 955 2732 φαίνοιτο
983 2647 1040 2711 καί
1065 2644 1231 2730 μαλακόν,
1279 2647 1447 2713 Goellerus

310 2753 367 2812 καί
389 2755 463 2815 ante
485 2749 642 2832 μάλιστα,
674 2752 789 2836 quiae
812 2751 922 2817 ccdicc
945 2751 1126 2816 Victorianc
1149 2752 1177 2814 R
1199 2771 1263 2816 non
1286 2759 1443 2834 enctatur,

309 2853 398 2918 uncis
429 2854 577 2936 inclusit,
615 2855 649 2920 in
676 2839 882 2921 {ndnotationc
910 2854 995 2919 idem
1025 2853 1089 2919 ita:
1131 2853 1265 2932 „Quidsi
1295 2855 1352 2918 καὶ
1383 2853 1448 2938 μά·

309 2958 406 3022 λιστα
432 2978 474 3022 cx
495 2957 565 3023 his:
598 2960 656 3023 καὶ
678 2957 832 3042 μαλακὸν
860 2965 929 3024 crta
958 2955 1134 3024 dicamus“.
1182 2958 1301 3022 Verum
1332 2961 1444 3025 sensit.

311 3061 376 3124 Καὶ
416 3058 563 3143 μάλιστα
598 3064 672 3128 clim
710 3063 876 3144 librarius,
925 3062 983 3126 καὶ
1015 3058 1169 3143 μαλακὸν
1202 3067 1361 3127 corrector
1394 3071 1447 3127 aut

310 3185 410 3249 snpra
432 3184 558 3230 versum
589 3174 645 3230 aut
675 3167 707 3231 in
737 3166 882 3249 margine
911 3165 1093 3248 adscripsit.
1142 3165 1246 3247 Legas
1275 3164 1376 3248 igitur
1405 3160 1446 3242 ῶς

309 3263 350 3333 άν
373 3262 530 3354 εὐφωνόν
545 3291 580 3334 τε
602 3270 658 3334 καὶ
675 3267 830 3352 μαλακὸν
852 3273 1022 3356 φαίνοιτο.
1069 3268 1191 3334 Eadem
1215 3275 1264 3334 est
1278 3271 1444 3335 verborum

308 3372 487 3438 coniunctio
510 3392 591 3455 quae
615 3393 713 3457 supra
742 3366 943 3459 εὐφώνων
968 3395 1010 3436 τε
1040 3372 1109 3435 καὶ
1139 3371 1339 3453 μαλακῶν
1371 3368 1445 3439 όνσ-

309 3471 425 3553 μάτων
449 3473 578 3560 ἐκλογῇ.

393 3650 424 3712 p.
447 3632 587 3694 10081css
611 3624 707 3716 Ἐνῆν
727 3629 791 3712 μέν
815 3619 874 3694 οὐν
898 3627 933 3694 ἐν
956 3636 1002 3714 τῷ
1025 3626 1148 3714 πρώτη)
1171 3628 1265 3713 κώληι
1293 3636 1340 3714 τῶ
1366 3635 1445 3710 ,Τίς

309 3728 372 3817 γάρ
401 3725 442 3796 άν
472 3726 620 3798 άλλοθεν
649 3730 829 3797 ἐπελθών“
861 3727 898 3795 τό
932 3733 1024 3810 ,Καὶ
1053 3729 1098 3819 μὴ
1129 3732 1445 3819 συνδιεφθαρμένος

311 3828 398 3921 ἡμῖν,
427 3828 503 3898 ἀλλ’
529 3834 690 3922 ἐξαίφνης
714 3831 855 3910 ἐπιστὰς
878 3846 948 3910 τοῖς
971 3841 1192 3921 γινομένοιςίέ·
1220 3833 1362 3920 δυνάμει
1384 3836 1443 3922 γάρ

310 3934 412 4026 όμφω
436 3931 552 4004 ταύτά.
586 3939 643 4002 καὶ
667 3937 702 4004 ἐν
725 3945 771 4023 τηῖ
802 3939 866 4017 „Oi”
890 3937 1165 4024 φιλοτιμούμεθα
1195 3939 1258 4023 μέν
1288 3938 1345 4006 ἐπὶ
1378 3953 1444 4016 τοῖς

310 4051 375 4110 τῶν
404 4038 585 4127 προγόνων
614 4039 751 4127 ἐργοιςίί
783 4041 820 4108 τὸ
851 4044 947 4121 ,Καὶ
977 4041 1037 4130 την
1069 4041 1173 4110 πόλιν
1206 4043 1241 4109 ἐκ
1275 4052 1341 4110 τῶν
1373 4043 1444 4110 τότε

312 4150 539 4232 πραχθέντων
562 4143 782 4230 ἐγκωμιάζειν
813 4140 1010 4229 ἇξιοῦμεν“·
1058 4145 1095 4212 τὸ
1120 4145 1183 4233 γάρ
1207 4141 1288 4212 αὐτὸ
1316 4150 1446 4234 φιλοτι-

310 4254 454 4331 μεῖσθαί
484 4273 525 4314 τε
556 4249 640 4332 [add.
666 4250 708 4325 Mt
741 4250 797 4312 καὶ
822 4248 984 4314 ἐπαινεῖν.
1017 4251 1072 4315 καί
1105 4248 1141 4316 ἐν
1170 4257 1223 4335 τῶ
1247 4245 1385 4330 ,Οὐδὲν
1412 4249 1445 4315 δέ
