3182 5136
314 379 378 440 101
750 413 792 422 -
840 376 923 458 [sss]
970 409 1013 426 -

401 586 433 650 p.
453 566 544 628 64310
570 559 617 627 Τὸ
641 561 697 628 διὰ
720 560 832 650 πάσης
854 567 991 648 κεραίας
1013 562 1129 649 διῆκον
1151 556 1275 647 πικρὸν
1297 560 1356 624 καὶ
1377 583 1451 625 νοε-

312 665 386 754 ρόν.
444 665 595 732 Reiskins
631 666 828 746 „insolentia
859 666 1007 733 vocabuli
1043 662 1163 750 νοερόν
1195 663 1380 730 huiusmodi
1416 664 1450 728 in

314 771 431 837 rebus“
462 771 635 836 commotus
658 767 811 857 σφοδρόν
840 769 1020 855 suspicatur
1045 769 1218 852 legendum
1240 786 1323 832 esse.
1372 765 1452 832 Dio-

315 874 428 960 nysius
451 873 484 937 ni
506 873 603 939 fallor
625 873 751 958 scripsit
780 870 818 938 τὸ
846 921 908 937 .··
934 868 1059 958 πικρὸν
1080 872 1137 936 καὶ
1165 867 1372 958 φοβερόν;
1406 869 1447 936 cf.

314 999 347 1064 p.
366 980 487 1044 4821155
508 969 622 1064 ὑψηλὴ
646 976 681 1042 δὲ
705 977 761 1042 κα1
783 973 1045 1063 μεγαλοπρεπὴς
1068 968 1128 1040 οάκ
1151 973 1244 1040 ’ἐστιν
1270 967 1289 1061 ἡ
1312 976 1451 1038 Λυσίου

315 1081 494 1160 λέξις...
524 1073 601 1145 οὐδὲ
631 1077 668 1145 τὸ
698 1075 854 1164 πικρὸν
883 1073 902 1166 ἢ
930 1075 968 1143 τδ
999 1077 1110 1144 δεινὸν
1139 1072 1159 1164 ἢ
1188 1074 1227 1144 τὸ
1258 1073 1451 1163 φοβερὸν

315 1181 557 1269 ἐπιφαίνουσα.
606 1185 711 1246 793155
733 1212 774 1238 =
797 1184 918 1247 8691555
941 1179 1099 1268 χρώματα
1129 1174 1162 1245 δ’
1182 1173 1284 1266 αὐτῆς
1311 1181 1366 1263 (sc.
1394 1185 1452 1265 τῆς
1583 1179 1584 1194 ’

316 1284 526 1351 Θουκυδίδου
555 1285 686 1368 λέξεως)
713 1281 751 1349 τό
781 1309 816 1350 τε
840 1282 1013 1371 στρυφνὸν
1034 1284 1092 1348 καὶ
1121 1279 1164 1348 τὸ
1195 1281 1358 1367 πικρὸν
1384 1331 1391 1344 .
1413 1331 1448 1345 ..

216 1413 218 1418 ·
313 1383 438 1452 καὶτὸ
462 1383 661 1472 φοβερόν.

401 1564 433 1627 p.
452 1546 557 1608 657555
583 1541 625 1607 Oi
643 1541 706 1625 μὲν
723 1530 782 1607 οὖν
805 1549 863 1629 της
883 1536 989 1629 άκμῐης
1006 1536 1110 1607 αὐτοῦ
1126 1538 1310 1628 φερόμενοι
1326 1542 1451 1627 ψευδε-

315 1651 485 1733 πίγραφοι
507 1645 556 1722 εἰς
578 1639 682 1712 αὐτὸν
712 1642 807 1730 λάχοι
828 1645 914 1711 εἰσίν
937 1644 1016 1729 οἵδε,
1043 1643 1128 1727 μετὰ
1150 1645 1186 1710 δὲ
1209 1643 1269 1733 τὴν
1293 1643 1330 1725 ἐξ
1345 1641 1450 1734 Ἀδη-

302 1758 381 1817 ’νιῖιν
414 1749 461 1827 εἰς
483 1749 639 1815 Χαλκίδα
663 1743 874 1836 ἀναχώρησιν
907 1748 988 1814 οἵδε.
1035 1749 1220 1830 0111101101,
1257 1748 1299 1816 (10
1333 1751 1449 1833 quibus

314 1854 489 1940 Dionysius
512 1853 604 1919 modo
620 1853 711 1932 dixit,
739 1860 814 1919 ante
836 1853 961 1919 virilem
980 1851 1134 1918 Dinarchi
1157 1859 1295 1919 aetatem
1319 1853 1450 1920 habitae

313 1964 399 2024 sunt.
454 1955 567 2040 Itaque
600 1964 657 2043 τῆς
692 1949 798 2044 ἀκμῆς
832 1977 896 2022 non
930 1962 1016 2022 recte
1049 1956 1185 2040 legitur,
1226 1963 1258 2022 et
1290 1956 1450 2041 sagaciter

314 2060 467 2126 Reiskius
490 2056 714 2145 πρεσβύτεροι
742 2059 944 2125 intercidisse
971 2059 1151 2144 suspicatus
1174 2066 1224 2126 cst
1246 2060 1384 2144 collatis,
1417 2060 1449 2125 ni

315 2163 426 2244 111101,
460 2162 567 2228 vorbis
590 2184 623 2247 p.
643 2165 734 2228 65655
765 2161 836 2226 ’ἐστι
864 2161 1029 2227 δὲταῦτα
1052 2159 1265 2248 πρεσβύτερα
1288 2169 1347 2249 τῆς
1370 2167 1450 2228 Δει-

314 2263 441 2354 νάρχου
463 2260 570 2352 ἀκμῆς
591 2266 644 2331 101
666 2288 697 2351 p.
716 2269 806 2330 65715
834 2262 1062 2351 πρεσβύτερός
1086 2264 1158 2330 ἐστι
1178 2271 1236 2352 τῆς
1258 2264 1450 2352 Δεινάρχου

315 2365 433 2456 ἀκμῆς.
480 2368 606 2434 Deinde
628 2367 776 2452 Dionysii
799 2368 993 2434 consuetudo
1022 2388 1080 2452 pro
1108 2363 1293 2454 φερόμενοι
1317 2371 1450 2454 requirit

312 2468 575 2560 ἀναφερόμενοι,
602 2471 643 2536 cf.
662 2493 694 2556 p.
711 2475 787 2535 4761
811 2465 894 2537 ὅταν
909 2471 1063 2558 διαπορῶ
1077 2476 1157 2558 περί
1178 2495 1269 2549 τινος
1285 2480 1352 2539 τῶν
1368 2469 1449 2540 ἂνα-

314 2579 515 2664 φερομένων
537 2573 585 2651 είς
608 2568 711 2640 αὐτὸν
733 2571 853 2658 λόχων.
900 2577 992 2640 47711
1014 2573 1162 2651 πολλοὺς
1185 2581 1250 2641 τῶν
1277 2569 1449 2663 άναφερο-

314 2683 427 2763 μένων
456 2677 503 2756 εἰς
533 2673 637 2744 αὐτὸν
667 2672 785 2762 λόγων.
833 2681 923 2743 47911
958 2727 993 2742 ..
1019 2679 1076 2742 καὶ
1102 2672 1207 2766 αὐτὴν
1233 2678 1282 2756 εἰς
1309 2685 1449 2748 Λυσίαν
1474 2667 1476 2677 ’

312 2775 583 2870 ἀναφερομένην.
622 2781 769 2864 Denique
788 2801 845 2865 pro
863 2781 967 2866 priore
990 2779 1070 2864 οἵδε,
1097 2781 1181 2864 quod
1196 2789 1307 2849 contra
1320 2803 1448 2852 omnem

314 2887 432 2954 Graeci
453 2885 607 2952 sermonis
636 2885 789 2952 rationem
813 2884 980 2950 exhibetur
1010 2891 1042 2950 ot
1070 2891 1182 2970 aperte
1210 2904 1250 2952 cx
1271 2889 1448 2977 posteriore

313 2990 499 3076 pronomine
514 2989 671 3072 originem
686 2988 786 3069 duxit,
813 2989 904 3071 legas
928 2978 1063 3070 οὗτοι,
1091 2987 1131 3053 cf.
1151 3009 1179 3054 e.
1195 3009 1227 3072 g.
1246 3011 1277 3074 p.
1295 2993 1349 3056 781
1376 3015 1448 3078 φω-

312 3099 461 3181 νηέντων
483 3093 545 3176 μὲν
568 3082 628 3158 οὖν
657 3089 863 3217 γραμμάτων
893 3085 975 3179 αὕτη
1006 3085 1168 3178 ἡφύσις
1202 3086 1390 3180 ἡμιφώνων
1412 3096 1447 3161 δὲ

314 3195 441 3264 τοιάδε.
488 3198 557 3262 8910
580 3201 716 3281 πρῶτον
744 3218 807 3277 μεν
837 3193 875 3282 δὴ
898 3191 1061 3282 θεώρημα
1083 3181 1182 3261 'cocco
1212 3203 1277 3262 τῶν
1308 3196 1345 3262 ἒν
1375 3211 1447 3275 ταῖς

311 3303 499 3384 συλλαβαῖς
521 3303 658 3380 παθῶν,
686 3297 802 3385 ἕτερον
824 3298 860 3364 δὲ
883 3295 1025 3364 τοιόνδε.

400 3477 432 3540 p.
453 3457 558 3520 660155
580 3453 626 3518 ita
640 3453 790 3536 legerim:
817 3446 834 3518 ὁ
852 3452 887 3518 δὲ
904 3449 991 3538 πρὸς
1006 3454 1175 3539 Περικλέα
1194 3454 1251 3518 καί
1265 3455 1445 3542 Δημοκρά-

314 3581 374 3645 την
394 3560 447 3641 (sc.
467 3555 565 3642 λόχος
589 3549 785 3643 άφαιρεῑται
801 3549 912 3638 αὐτοῦ)
937 3605 993 3620 ...
1020 3553 1076 3620 διά
1098 3579 1132 3621 τε
1153 3555 1212 3623 τὸν
1233 3567 1440 3648 χαρακτῆρα·

313 3656 439 3748 ὑδαρής
452 3659 540 3748 (τε)
553 3657 615 3746 γὰρ
632 3660 689 3724 καὶ
704 3663 884 3741 κεχυμένος
900 3658 956 3722 καλ
973 3656 1103 3745 ψυχρὸς
1121 3660 1204 3743 κτλ,
1230 3661 1271 3726 01.
1290 3683 1323 3747 p.
1339 3667 1444 3728 659115

310 3759 380 3828 ἀπ’
399 3758 503 3830 αὐτοῦ
526 3770 586 3828 τοῦ
607 3769 817 3848 χαρακτῆρος
844 3756 936 3846 εάροι
966 3785 1015 3838 τις
1044 3757 1086 3828 άν
1108 3756 1167 3828 οὐκ
1192 3759 1273 3829 ὄντα
1301 3763 1362 3831 τὸν
1390 3763 1445 3831 λό-

315 3892 376 3954 γον
406 3863 613 3952 Δεινάρχου·
648 3859 774 3951 ὑδαρής
804 3889 839 3929 τε
869 3863 931 3951 χὰρ
961 3866 1018 3930 καί
1052 3859 1200 3953 ἀσθενὴς
1228 3869 1285 3931 καὶ
1317 3867 1445 3955 ψυχρός

315 3971 418 4038 ἐστιν.
471 3969 617 4035 Eandem
649 3968 838 4053 particulam
871 3991 906 4032 τε
939 3967 989 4033 his
1026 3965 1193 4053 praeterea
1229 3970 1308 4036 locis
1342 3972 1440 4038 addo:

313 4098 346 4161 p.
365 4078 456 4140 77310
480 4067 663 4150 διεξελθών
685 4093 719 4135 τε
743 4068 883 4157 πράξεις
902 4064 1146 4160 Ἑλλήνων<τε>
1170 4072 1226 4136 καὶ
1247 4073 1439 4160 βαρβάρων,

309 4179 353 4244 01.
379 4200 412 4264 p.
432 4179 523 4241 53611
551 4169 648 4239 άλλοι
675 4171 734 4250 τὰς
756 4171 871 4250 κοινὰς
900 4180 965 4239 τῶν
984 4168 1148 4260 Ἑλλήνων
1170 4199 1204 4239 τε
1234 4177 1291 4239 καὶ
1313 4174 1443 4262 βαρβά-

308 4303 382 4367 ρων
414 4276 553 4366 ττράξεις
587 4271 796 4362 άνέχραφαν.
844 4279 934 4342 76811
966 4270 1047 4363 ricc
1069 4276 1254 4359 θαυμαστὰ
1277 4278 1359 4365 ἔργα
1383 4280 1440 4366 δη-
