3182 5136
277 354 338 418 182
711 383 755 398 -
803 351 887 432 [τοο]
933 383 979 395 -

274 536 481 622 μάτων...
514 537 565 604 δεῖ
588 531 622 603 δ’
648 533 732 622 αὐτῇ
763 540 913 623 τριβῆς
942 536 1105 621 πολλῆς
1132 534 1202 598 καί
1231 529 1423 618 κατηχή-

275 661 379 717 σεως
406 645 600 725 χρονίους
633 640 719 707 unde
741 640 798 705 illo
821 641 890 705 Ιοοο
913 637 1058 720 corrigas
1083 648 1224 702 σκοπεῖν
1248 632 1421 720 ἐπιστήμῃ

274 767 311 809 τε
335 744 392 808 καὶ
414 742 501 808 ἔδει.
1125 750 1128 756 ’

361 866 393 931 p.
411 849 530 912 issinss.
569 846 647 910 'Pria
662 851 746 928 sunt,
773 844 945 928 exquibus
960 837 979 930 ἡ
997 838 1166 930 ῆθοποιία
1181 847 1320 919 constat,
1346 837 1426 905 διά-

274 969 351 1013 νοια
373 949 462 1028 λέξις
485 945 657 1030 σύνθεσις,
683 948 719 1012 in
741 948 857 1031 quibus
880 945 1027 1012 omnibns
1043 945 1158 1030 Lysias
1176 945 1320 1029 palmam
1336 943 1418 1020 fert;

276 1043 317 1116 οὐ
339 1047 402 1138 γάρ
425 1050 689 1134 διανοουμένους
711 1048 818 1133 μόνον
840 1043 1047 1116 ὑποτίθεται
1068 1044 1197 1135 χρηστά
1213 1048 1272 1112 καὶ
1288 1045 1423 1131 ἐπιεικῆ

275 1153 332 1218 καλ
354 1158 475 1240 μέτρια
498 1152 576 1230 τοὺς
599 1155 784 1238 λέγοντας.
806 1203 813 1216 .
836 1204 842 1216 .
869 1146 955 1217 άλλὰ
974 1153 1029 1217 καί
1045 1149 1105 1238 τὴν
1121 1151 1212 1230 λέξιν
1226 1145 1424 1215 ἀποδίδωσι

276 1269 348 1333 τοῖς
371 1253 494 1343 ἤθεσιν
517 1255 655 1338 οἰκείαν,
682 1246 701 1340 ᾖ
725 1260 880 1342 πέφυκεν
903 1249 989 1321 αὐτὰ
1016 1253 1145 1320 ἑαυτῶν
1173 1250 1337 1338 κράτιστα
1361 1253 1424 1339 δη-

275 1359 439 1441 λοῦσθαι,
473 1355 535 1446 τῆν
557 1367 650 1446 σαφῆ
679 1360 737 1424 καὶ
765 1345 887 1445 κυρίαν
913 1359 984 1444 κτλτ
1030 1359 1103 1423 lure
1133 1359 1172 1422 A.
1199 1357 1422 1440 Kiesslingius

275 1462 297 1526 l.
316 1463 338 1526 l.
357 1483 389 1546 p.
406 1466 468 1526 253
491 1462 524 1527 in
539 1462 647 1533 verbis
669 1452 689 1547 ἦ
705 1466 860 1549 πέφυκεν
876 1500 913 1510 -
932 1461 1124 1548 δηλοῦσθαι
1139 1460 1284 1538 offendit,
1305 1481 1423 1543 quam-

275 1585 371 1648 quam
394 1585 477 1648 quae
499 1565 666 1651 proposuit
687 1555 707 1650 ᾖ
730 1569 886 1651 πέφυκεν
908 1558 995 1630 αὐτὰ
1017 1561 1157 1630 πάντων
1179 1561 1344 1648 κράτιστα
1360 1564 1423 1650 δη-

275 1669 382 1733 λῶσαι
403 1669 509 1734 minus
532 1669 672 1754 placent.
719 1668 826 1734 Verba
848 1668 933 1734 enim
957 1661 1044 1734 αὐτὰ
1066 1665 1204 1748 ἑαυτῶν,
1238 1687 1323 1750 quae
1345 1688 1422 1733 ver-

275 1771 388 1836 borum
411 1771 591 1836 coniunctio
613 1789 744 1855 prorsus
760 1791 778 1836 e
794 1770 943 1855 Dionysii
966 1790 1053 1835 more
1075 1776 1135 1852 est,
1161 1769 1203 1834 ad
1226 1770 1327 1834 aliam
1349 1789 1421 1836 me-

276 1873 383 1940 delam
399 1863 553 1957 (11101111λῇ
569 1877 724 1960 πέφυκεν
739 1867 826 1938 αὐτὰ
842 1871 970 1938 ἑαυτῶν
992 1884 1185 1959 κρεῖττον
1208 1871 1417 1959 δηλουσθαι;

252 2025 255 2030 -
276 1975 318 2042 ef.
337 1997 369 2060 p.
382 1979 451 2041 7210
473 1969 634 2062 ἡμίφωνα
650 1976 687 2041 δέ
705 1977 759 2058 (sc.
774 1999 862 2052 τινες
879 1972 1067 2060 ἐκάλεσαν),
1088 1969 1152 2040 ὅσα
1167 1973 1253 2057 μετὰ
1268 1976 1334 2057 μὲν
1345 1999 1421 2062 φω-

275 2082 425 2165 νηέντιον
447 2073 552 2144 αὐτὰ
576 2077 738 2145 ἑαυτῶν
760 2091 959 2166 κρεῖττον
982 2077 1178 2164 ἐκφέρεται,
1206 2073 1293 2142 καθ’
1314 2077 1421 2144 ἑαυτὰ

277 2181 313 2246 δὲ
329 2192 444 2267 χεῖρον
466 2182 523 2245 καὶ
539 2176 599 2247 οὐκ
615 2176 813 2258 αὐτοτελῶς.
853 2185 929 2246 7611
953 2187 1075 2268 χείρων
1090 2175 1192 2258 αὐτὸς
1209 2175 1316 2247 αὑτοῦ
1331 2185 1423 2266 γίνε-

202 2277 212 2298 ’
277 2289 333 2350 ται
360 2285 446 2368 (item
466 2286 557 2350 88311
579 2291 697 2370 μακρῷ
712 2308 780 2350 τινι
794 2289 944 2371 γίγνεται
958 2289 1080 2371 χείρων
1095 2279 1198 2361 αὐτὸς
1214 2282 1349 2367 ἑαυτοῦ,
1375 2285 1418 2351 cf.

277 2390 395 2470 96711).
444 2391 521 2452 7872
544 2384 635 2452 πολὺ
658 2381 807 2469 άμείνων
830 2382 872 2453 ἂν
893 2376 935 2472 ῆν
964 2383 1066 2464 αὐτὸς
1082 2379 1220 2453 ’ἑαυτοῦ
1249 2385 1337 2452 κατὰ
1360 2386 1422 2474 τῆν

278 2487 417 2576 φράσιν.
466 2493 575 2554 102511
600 2488 713 2576 ἕτερος
736 2487 799 2576 γάρ
823 2514 873 2567 τις
897 2484 1001 2556 αὑτοῦ
1023 2494 1151 2576 γίνεται
1173 2489 1261 2556 τότε.

362 2631 394 2694 p.
414 2611 520 2675 468⁷ss
547 2604 595 2676 Οὐ
610 2604 831 2692 θαυμάσαιμ’
851 2605 902 2691 ἂν,
930 2610 960 2676 εἰ
986 2662 992 2674 .
1015 2661 1048 2675 ..
1075 2609 1235 2699 τοιαύτην
1256 2609 1335 2677 τινὰ
1350 2635 1421 2676 πα-

277 2708 398 2797 ράσχοι
421 2702 524 2792 δόξαν
544 2714 599 2797 (ευ.
616 2706 634 2778 δ
651 2719 709 2799 τῆς
733 2706 897 2798 ἁρμονίας
916 2720 974 2800 τῆς
989 2718 1126 2780 Λυσίου
1140 2713 1339 2801 χαρακτήρ),
1367 2709 1421 2779 ὅτι

269 2808 547 2902 ,ἀνεπιτηδεύτως
569 2817 626 2881 καὶ
650 2810 689 2882 οὐ
712 2813 797 2881 κατὰ
820 2821 949 2903 τέχνην,
978 2811 1176 2899 αὐτομάτως
1202 2817 1240 2883 δέ
1262 2841 1340 2895 πιος
1362 2818 1420 2882 καί

276 2913 320 2995 ὡς
343 2917 438 3001 ἔτυχε
462 2917 644 3004 σύγκειται.
671 2918 742 2985 ἐ’στι
765 2919 802 2984 δὲ
825 2918 956 2996 παντὸς
977 2921 1107 3002 μᾶλλον
1135 2919 1235 3008 ἐ’ργου
1264 2927 1421 3002 τεχνικοῦ

274 3027 595 3105 κατεσκευασμένος.
643 3023 811 3109 Oppositio
833 3024 968 3088 duorum
990 3024 1224 3106 enuntiatorum
1241 3025 1413 3090 claudicat.

277 3125 445 3191 Sententia
467 3133 554 3192 certa
576 3131 642 3192 est:
681 3127 815 3192 Videtur
836 3127 892 3193 ille
915 3126 1043 3210 quidem
1067 3127 1137 3192 sine
1160 3126 1304 3192 artificiis
1329 3148 1418 3193 nom-

273 3228 399 3314 positns
423 3245 505 3310 esse,
531 3236 566 3294 at
587 3229 733 3314 pluribus
758 3249 854 3312 quam
870 3229 934 3295 dini
949 3237 1055 3315 potest
1071 3237 1201 3296 ornatus
1217 3237 1277 3295 est.
1319 3230 1418 3296 Desi-

276 3323 411 3397 donatur¹
427 3331 526 3414 igitur
548 3333 741 3398 contrarium
769 3332 927 3417 imprimis
949 3334 1116 3398 verborum
1147 3327 1420 3419 ἀνεπιτηδεύτως

275 3433 333 3498 καί
356 3427 397 3500 οδ
418 3430 506 3498 κατὰ
526 3437 655 3521 τέχνην.
696 3433 898 3520 Quapropter
920 3436 1024 3502 scribo
1044 3434 1167 3500 ἔστιδὲ
1183 3433 1314 3512 παντὸς
1330 3437 1418 3518 μᾶλ-

270 3535 337 3600 λον
359 3533 459 3620 ἔργου
481 3544 683 3617 τεχνικῶς
706 3543 1026 3619 κατεσκευασμένος.

361 3673 394 3738 p.
413 3657 534 3719 47110ss
558 3659 657 3720 Μίαν
679 3655 715 3720 δὲ
740 3650 863 3742 ἀρετὴν
885 3654 935 3721 ἐ’τι
957 3664 1017 3722 τοῦ
1040 3654 1180 3744 ῥήτορος
1203 3656 1420 3754 ἐπιδείξομαι

275 3758 393 3844 κρίνας
414 3756 597 3843 καλλίστην
626 3781 660 3821 τε
691 3758 748 3821 καί
777 3756 987 3846 κυριιοτάτην
997 3763 1016 3846 1)
1051 3761 1108 3824 καὶ
1136 3753 1157 3847 ἢ
1179 3757 1287 3847 μόνην
1309 3755 1329 3848 ἢ
1351 3761 1419 3844 μά-

243 3937 248 3945 .
276 3860 374 3923 λιστα
383 3861 407 3943 ²)
451 3864 517 3924 τῶν
557 3853 669 3925 ἄλλων
708 3858 767 3925 τὸν
809 3866 946 3928 Λυσίου
989 3869 1184 3950 χαρακτῆρα
1225 3862 1420 3951 δυναμένην

347 4081 363 4166 lp
386 4077 558 4152 κυριωτάτην
576 4064 778 4138 Marklandus:
805 4081 971 4150 κοινοτάτην
989 4086 1069 4140 codd.
1100 4089 1110 4150 ΙΙ
1140 4086 1161 4150 ²)
1181 4077 1197 4151 ἢ
1215 4080 1309 4156 μόνην
1326 4082 1343 4151 ἢ
1361 4083 1419 4156 μά-

273 4168 356 4220 λιστα
375 4165 573 4222 Marklandus:
598 4163 693 4238 μόνην
709 4166 761 4234 τὴν
778 4166 902 4240 μάλιστα
921 4173 1022 4237 codd.;
1045 4168 1084 4226 ὀί.
1104 4187 1132 4240 p.
1149 4173 1247 4223 112310
1268 4169 1346 4244 παρὰ
1370 4175 1420 4237 τῆς

271 4250 419 4324 ῥητορικῆς
436 4248 453 4318 ἢ
470 4247 561 4322 μάνης
576 4251 695 4319 [ineisa.
714 4251 803 4325 μόνος
815 4257 852 4321 Μ)
864 4252 888 4322 ἢ
906 4243 1029 4327 μάλιστα
1047 4259 1103 4309 τῶν
1119 4254 1212 4310 ἄλλων
1226 4253 1415 4328 ἀπαιτοῦμεν.

483 4918 681 5100 Τ,
