<?xml version="1.0" encoding="UTF-8"?>
<!DOCTYPE html PUBLIC "-//W3C//DTD XHTML 1.0 Transitional//EN"
    "http://www.w3.org/TR/xhtml1/DTD/xhtml1-transitional.dtd">
<html xmlns="http://www.w3.org/1999/xhtml" xml:lang="en" lang="en">
 <head>
  <title>
</title>
<meta http-equiv="Content-Type" content="text/html;charset=utf-8" />
  <meta name='ocr-system' content='tesseract 3.04.00' />
  <meta name='ocr-capabilities' content='ocr_page ocr_carea ocr_par ocr_line ocrx_word'/>
</head>
<body>
  <div class='ocr_page' id='page_1' title='image "./dedionysiihalic00sadgoog_0045.png"; bbox 0 0 3250 5146; ppageno 0'>
   <div class='ocr_carea' id='block_1_1' title="bbox 325 325 1025 406">
    <p class='ocr_par' dir='ltr' id='par_1_1' title="bbox 325 325 1025 406">
     <span class='ocr_line' id='line_1_1' title="bbox 325 325 1025 406; baseline -0.003 -18"><span class='ocrx_word' id='word_1_1' title='bbox 325 329 367 390; x_wconf 81' lang='grc' dir='ltr'><strong><em>4ο</em></strong></span> <span class='ocrx_word' id='word_1_2' title='bbox 760 358 803 368; x_wconf 91' lang='lat'><strong><em>--</em></strong></span> <span class='ocrx_word' id='word_1_3' title='bbox 850 325 934 406; x_wconf 75' lang='grc' dir='ltr'><strong><em>μοι]</em></strong></span> <span class='ocrx_word' id='word_1_4' title='bbox 981 359 1025 368; x_wconf 88' lang='grc'>-</span> 
     </span>
    </p>
   </div>
   <div class='ocr_carea' id='block_1_2' title="bbox 326 507 1466 3589">
    <p class='ocr_par' dir='ltr' id='par_1_2' title="bbox 326 507 1464 1626">
     <span class='ocr_line' id='line_1_2' title="bbox 326 507 1462 599; baseline 0 -21"><span class='ocrx_word' id='word_1_5' title='bbox 326 510 404 588; x_wconf 79' lang='grc' dir='ltr'><strong><em>τοὺς</em></strong></span> <span class='ocrx_word' id='word_1_6' title='bbox 432 509 637 599; x_wconf 70' lang='grc' dir='ltr'><strong><em>Άθηναίονς</em></strong></span> <span class='ocrx_word' id='word_1_7' title='bbox 662 563 669 575; x_wconf 94' lang='grc'><strong>.</strong></span> <span class='ocrx_word' id='word_1_8' title='bbox 698 559 705 574; x_wconf 92' lang='grc'><strong>.</strong></span> <span class='ocrx_word' id='word_1_9' title='bbox 733 562 739 574; x_wconf 94' lang='grc'>.</span> <span class='ocrx_word' id='word_1_10' title='bbox 773 519 839 577; x_wconf 81' lang='grc' dir='ltr'><strong><em>τῶν</em></strong></span> <span class='ocrx_word' id='word_1_11' title='bbox 860 512 924 592; x_wconf 81' lang='grc' dir='ltr'><strong><em>μὲν</em></strong></span> <span class='ocrx_word' id='word_1_12' title='bbox 951 518 1078 597; x_wconf 82' lang='grc' dir='ltr'><strong><em>μικρῶν</em></strong></span> <span class='ocrx_word' id='word_1_13' title='bbox 1106 508 1242 578; x_wconf 86' lang='grc' dir='ltr'><strong><em>πόλεων</em></strong></span> <span class='ocrx_word' id='word_1_14' title='bbox 1272 507 1462 599; x_wconf 78' lang='grc' dir='ltr'><strong><em>ὡσπερανεὶ</em></strong></span> 
     </span>
     <span class='ocr_line' id='line_1_3' title="bbox 326 608 1462 706; baseline 0.001 -25"><span class='ocrx_word' id='word_1_15' title='bbox 326 611 502 702; x_wconf 77' lang='grc' dir='ltr'><strong><em>κτημάτων</em></strong></span> <span class='ocrx_word' id='word_1_16' title='bbox 515 615 709 700; x_wconf 73' lang='grc' dir='ltr'><strong><em>φείδεσθαι,</em></strong></span> <span class='ocrx_word' id='word_1_17' title='bbox 725 611 803 690; x_wconf 84' lang='grc' dir='ltr'><strong><em>τοὺς</em></strong></span> <span class='ocrx_word' id='word_1_18' title='bbox 820 615 856 679; x_wconf 78' lang='grc' dir='ltr'><strong><em>δὲ</em></strong></span> <span class='ocrx_word' id='word_1_19' title='bbox 873 612 1069 697; x_wconf 81' lang='grc' dir='ltr'><em>συμμάχους</em></span> <span class='ocrx_word' id='word_1_20' title='bbox 1082 608 1214 702; x_wconf 77' lang='grc' dir='ltr'><strong><em>(εὐνοίᾳ</em></strong></span> <span class='ocrx_word' id='word_1_21' title='bbox 1229 615 1462 706; x_wconf 83' lang='lat' dir='ltr'>add.Wolfius)</span> 
     </span>
     <span class='ocr_line' id='line_1_4' title="bbox 326 712 1462 807; baseline -0.002 -23"><span class='ocrx_word' id='word_1_22' title='bbox 326 743 361 794; x_wconf 83' lang='grc' dir='ltr'><strong><em>τε</em></strong></span> <span class='ocrx_word' id='word_1_23' title='bbox 390 722 435 804; x_wconf 81' lang='grc' dir='ltr'><strong><em>ίγε</em></strong></span> <span class='ocrx_word' id='word_1_24' title='bbox 458 718 561 796; x_wconf 68' lang='lat' dir='ltr'>codd.)</span> <span class='ocrx_word' id='word_1_25' title='bbox 590 718 648 782; x_wconf 83' lang='grc' dir='ltr'><strong><em>καί</em></strong></span> <span class='ocrx_word' id='word_1_26' title='bbox 670 712 876 803; x_wconf 76' lang='grc' dir='ltr'><em>εὐεργεσίαις</em></span> <span class='ocrx_word' id='word_1_27' title='bbox 898 723 1089 803; x_wconf 74' lang='grc' dir='ltr'><strong><em>πειρᾶσθαι</em></strong></span> <span class='ocrx_word' id='word_1_28' title='bbox 1111 721 1274 801; x_wconf 77' lang='grc' dir='ltr'><strong><em>κατέχειν,</em></strong></span> <span class='ocrx_word' id='word_1_29' title='bbox 1309 713 1397 783; x_wconf 87' lang='grc' dir='ltr'><strong><em>ἀλλά</em></strong></span> <span class='ocrx_word' id='word_1_30' title='bbox 1418 718 1462 807; x_wconf 79' lang='grc' dir='ltr'><strong><em>μὴ</em></strong></span> 
     </span>
     <span class='ocr_line' id='line_1_5' title="bbox 327 816 1464 908; baseline 0.001 -22"><span class='ocrx_word' id='word_1_31' title='bbox 327 833 401 898; x_wconf 89' lang='grc' dir='ltr'><strong><em>ταῖς</em></strong></span> <span class='ocrx_word' id='word_1_32' title='bbox 418 816 579 906; x_wconf 75' lang='grc' dir='ltr'><strong><em>ἀνάγκαις</em></strong></span> <span class='ocrx_word' id='word_1_33' title='bbox 601 821 685 908; x_wconf 83' lang='grc' dir='ltr'><strong><em>μηδὲ</em></strong></span> <span class='ocrx_word' id='word_1_34' title='bbox 708 832 782 896; x_wconf 90' lang='grc' dir='ltr'><strong><em>ταῖς</em></strong></span> <span class='ocrx_word' id='word_1_35' title='bbox 804 825 906 902; x_wconf 75' lang='grc' dir='ltr'><strong><em>βίαις·</em></strong></span> <span class='ocrx_word' id='word_1_36' title='bbox 932 827 998 886; x_wconf 78' lang='grc' dir='ltr'><strong><em>τῶν</em></strong></span> <span class='ocrx_word' id='word_1_37' title='bbox 1021 821 1057 885; x_wconf 83' lang='grc' dir='ltr'><strong><em>δὲ</em></strong></span> <span class='ocrx_word' id='word_1_38' title='bbox 1081 820 1260 906; x_wconf 87' lang='grc' dir='ltr'><strong><em>προγόνων</em></strong></span> <span class='ocrx_word' id='word_1_39' title='bbox 1280 828 1464 904; x_wconf 75' lang='grc' dir='ltr'><strong><em>μιμεῖσθαι</em></strong></span> 
     </span>
     <span class='ocr_line' id='line_1_6' title="bbox 326 921 1462 1012; baseline 0.004 -24"><span class='ocrx_word' id='word_1_40' title='bbox 326 922 370 1012; x_wconf 81' lang='grc' dir='ltr'><strong><em>μη</em></strong></span> <span class='ocrx_word' id='word_1_41' title='bbox 395 921 473 1001; x_wconf 81' lang='grc' dir='ltr'><strong><em>τοὺς</em></strong></span> <span class='ocrx_word' id='word_1_42' title='bbox 496 921 563 1010; x_wconf 88' lang='grc' dir='ltr'><strong><em>πρὸ</em></strong></span> <span class='ocrx_word' id='word_1_43' title='bbox 588 931 654 990; x_wconf 79' lang='grc' dir='ltr'><strong><em>τῶν</em></strong></span> <span class='ocrx_word' id='word_1_44' title='bbox 675 926 882 990; x_wconf 73' lang='grc' dir='ltr'><strong><em>Δεκελεικῶν</em></strong></span> <span class='ocrx_word' id='word_1_45' title='bbox 904 928 1104 1008; x_wconf 86' lang='grc' dir='ltr'><strong><em>γενομένους</em></strong></span> <span class='ocrx_word' id='word_1_46' title='bbox 1130 925 1200 989; x_wconf 87' lang='grc' dir='ltr'><strong><em>κτλ.</em></strong></span> <span class='ocrx_word' id='word_1_47' title='bbox 1248 927 1299 990; x_wconf 84' lang='lat' dir='ltr'><strong><em>Ita</em></strong></span> <span class='ocrx_word' id='word_1_48' title='bbox 1312 927 1355 1007; x_wconf 88' lang='lat' dir='ltr'><strong><em>M,</em></strong></span> <span class='ocrx_word' id='word_1_49' title='bbox 1383 948 1462 1009; x_wconf 89' lang='lat' dir='ltr'>quo-</span> 
     </span>
     <span class='ocr_line' id='line_1_7' title="bbox 327 1025 1463 1112; baseline 0 -18"><span class='ocrx_word' id='word_1_50' title='bbox 327 1049 398 1094; x_wconf 89' lang='lat' dir='ltr'><strong><em>oum</em></strong></span> <span class='ocrx_word' id='word_1_51' title='bbox 415 1028 460 1091; x_wconf 87' lang='lat' dir='ltr'><strong><em>F¹</em></strong></span> <span class='ocrx_word' id='word_1_52' title='bbox 483 1027 639 1112; x_wconf 76' lang='lat' dir='ltr'>congruit,</span> <span class='ocrx_word' id='word_1_53' title='bbox 666 1028 728 1092; x_wconf 88' lang='lat' dir='ltr'>nisi</span> <span class='ocrx_word' id='word_1_54' title='bbox 743 1027 829 1109; x_wconf 89' lang='lat' dir='ltr'>quod</span> <span class='ocrx_word' id='word_1_55' title='bbox 851 1047 908 1111; x_wconf 92' lang='lat' dir='ltr'>pro</span> <span class='ocrx_word' id='word_1_56' title='bbox 931 1034 996 1092; x_wconf 80' lang='grc' dir='ltr'><strong><em>τιῖιν</em></strong></span> <span class='ocrx_word' id='word_1_57' title='bbox 1014 1027 1050 1091; x_wconf 85' lang='grc' dir='ltr'><strong><em>δὲ</em></strong></span> <span class='ocrx_word' id='word_1_58' title='bbox 1066 1025 1247 1112; x_wconf 84' lang='grc' dir='ltr'><strong><em>προγόνων</em></strong></span> <span class='ocrx_word' id='word_1_59' title='bbox 1262 1029 1308 1092; x_wconf 82' lang='lat' dir='ltr'><strong><em>F¹</em></strong></span> <span class='ocrx_word' id='word_1_60' title='bbox 1334 1029 1463 1094; x_wconf 81' lang='lat' dir='ltr'>exhibet</span> 
     </span>
     <span class='ocr_line' id='line_1_8' title="bbox 327 1127 1463 1216; baseline 0.002 -22"><span class='ocrx_word' id='word_1_61' title='bbox 327 1138 392 1196; x_wconf 80' lang='grc' dir='ltr'><strong><em>τῶν</em></strong></span> <span class='ocrx_word' id='word_1_62' title='bbox 415 1127 595 1216; x_wconf 84' lang='grc' dir='ltr'><strong><em>προγόνων</em></strong></span> <span class='ocrx_word' id='word_1_63' title='bbox 616 1130 699 1195; x_wconf 82' lang='grc' dir='ltr'><strong><em>ίεΙεο</em></strong></span> <span class='ocrx_word' id='word_1_64' title='bbox 722 1130 841 1196; x_wconf 86' lang='lat' dir='ltr'>omissa</span> <span class='ocrx_word' id='word_1_65' title='bbox 861 1130 1021 1214; x_wconf 79' lang='lat' dir='ltr'>particula</span> <span class='ocrx_word' id='word_1_66' title='bbox 1042 1129 1089 1194; x_wconf 88' lang='grc' dir='ltr'><strong><em>δέ.</em></strong></span> <span class='ocrx_word' id='word_1_67' title='bbox 1136 1131 1205 1195; x_wconf 91' lang='lat' dir='ltr'><strong><em>Iam</em></strong></span> <span class='ocrx_word' id='word_1_68' title='bbox 1229 1129 1302 1196; x_wconf 85' lang='lat' dir='ltr'>vide</span> <span class='ocrx_word' id='word_1_69' title='bbox 1325 1131 1403 1213; x_wconf 91' lang='lat' dir='ltr'>quid</span> <span class='ocrx_word' id='word_1_70' title='bbox 1417 1133 1463 1196; x_wconf 77' lang='lat' dir='ltr'><strong><em>F²</em></strong></span> 
     </span>
     <span class='ocr_line' id='line_1_9' title="bbox 327 1227 1463 1320; baseline -0.002 -20"><span class='ocrx_word' id='word_1_71' title='bbox 327 1233 501 1300; x_wconf 84' lang='lat' dir='ltr'>effinxerit:</span> <span class='ocrx_word' id='word_1_72' title='bbox 544 1237 662 1296; x_wconf 72' lang='grc' dir='ltr'><strong><em>πείθει</em></strong></span> <span class='ocrx_word' id='word_1_73' title='bbox 688 1283 694 1295; x_wconf 91' lang='grc'><strong>.</strong></span> <span class='ocrx_word' id='word_1_74' title='bbox 723 1283 729 1295; x_wconf 91' lang='grc'><strong>.</strong></span> <span class='ocrx_word' id='word_1_75' title='bbox 757 1281 763 1293; x_wconf 94' lang='grc'><strong>.</strong></span> <span class='ocrx_word' id='word_1_76' title='bbox 792 1237 983 1318; x_wconf 77' lang='grc' dir='ltr'><strong><em>πειρᾶσθαι</em></strong></span> <span class='ocrx_word' id='word_1_77' title='bbox 1011 1237 1174 1314; x_wconf 81' lang='grc' dir='ltr'><strong><em>κατέχειν,</em></strong></span> <span class='ocrx_word' id='word_1_78' title='bbox 1212 1227 1297 1296; x_wconf 90' lang='grc' dir='ltr'><strong><em>ἀλλά</em></strong></span> <span class='ocrx_word' id='word_1_79' title='bbox 1319 1231 1365 1320; x_wconf 80' lang='grc' dir='ltr'><strong><em>μὴ</em></strong></span> <span class='ocrx_word' id='word_1_80' title='bbox 1390 1247 1463 1311; x_wconf 89' lang='grc' dir='ltr'><strong><em>ταῖς</em></strong></span> 
     </span>
     <span class='ocr_line' id='line_1_10' title="bbox 328 1331 1461 1424; baseline -0.001 -23"><span class='ocrx_word' id='word_1_81' title='bbox 328 1331 506 1421; x_wconf 78' lang='grc' dir='ltr'><strong><em>ἀνάγκαις,</em></strong></span> <span class='ocrx_word' id='word_1_82' title='bbox 540 1335 624 1422; x_wconf 81' lang='grc' dir='ltr'><strong><em>μηδὲ</em></strong></span> <span class='ocrx_word' id='word_1_83' title='bbox 653 1332 727 1411; x_wconf 90' lang='grc' dir='ltr'><strong><em>τάς</em></strong></span> <span class='ocrx_word' id='word_1_84' title='bbox 756 1340 856 1418; x_wconf 77' lang='grc' dir='ltr'><strong><em>βίας</em></strong></span> <span class='ocrx_word' id='word_1_85' title='bbox 886 1343 951 1401; x_wconf 82' lang='grc' dir='ltr'><strong><em>τῶν</em></strong></span> <span class='ocrx_word' id='word_1_86' title='bbox 981 1333 1160 1420; x_wconf 86' lang='grc' dir='ltr'><strong><em>προγόνων</em></strong></span> <span class='ocrx_word' id='word_1_87' title='bbox 1190 1341 1385 1418; x_wconf 73' lang='grc' dir='ltr'><strong><em>μιμεῖσθαι·</em></strong></span> <span class='ocrx_word' id='word_1_88' title='bbox 1418 1335 1461 1424; x_wconf 80' lang='grc' dir='ltr'><strong><em>μη</em></strong></span> 
     </span>
     <span class='ocr_line' id='line_1_11' title="bbox 327 1435 1463 1524; baseline 0.001 -20"><span class='ocrx_word' id='word_1_89' title='bbox 327 1437 405 1515; x_wconf 81' lang='grc' dir='ltr'><strong><em>τούς</em></strong></span> <span class='ocrx_word' id='word_1_90' title='bbox 439 1435 505 1524; x_wconf 86' lang='grc' dir='ltr'><strong><em>πρὸ</em></strong></span> <span class='ocrx_word' id='word_1_91' title='bbox 541 1445 606 1503; x_wconf 84' lang='grc' dir='ltr'><strong><em>τῶν</em></strong></span> <span class='ocrx_word' id='word_1_92' title='bbox 635 1439 841 1504; x_wconf 79' lang='grc' dir='ltr'><strong><em>Δεκελεικῶν</em></strong></span> <span class='ocrx_word' id='word_1_93' title='bbox 874 1443 1075 1522; x_wconf 83' lang='grc' dir='ltr'><strong><em>γενομένους</em></strong></span> <span class='ocrx_word' id='word_1_94' title='bbox 1104 1439 1173 1502; x_wconf 88' lang='grc' dir='ltr'><strong><em>κτλ.</em></strong></span> <span class='ocrx_word' id='word_1_95' title='bbox 1232 1440 1356 1523; x_wconf 83' lang='lat' dir='ltr'>Aperta</span> <span class='ocrx_word' id='word_1_96' title='bbox 1389 1461 1463 1524; x_wconf 91' lang='lat' dir='ltr'>pro-</span> 
     </span>
     <span class='ocr_line' id='line_1_12' title="bbox 328 1542 1395 1626; baseline 0 -18"><span class='ocrx_word' id='word_1_97' title='bbox 328 1543 412 1608; x_wconf 87' lang='lat' dir='ltr'>feuto</span> <span class='ocrx_word' id='word_1_98' title='bbox 441 1542 646 1626; x_wconf 89' lang='lat' dir='ltr'>interpolatio</span> <span class='ocrx_word' id='word_1_99' title='bbox 673 1548 776 1607; x_wconf 87' lang='lat' dir='ltr'>estet</span> <span class='ocrx_word' id='word_1_100' title='bbox 799 1543 937 1624; x_wconf 89' lang='lat' dir='ltr'>quaein</span> <span class='ocrx_word' id='word_1_101' title='bbox 960 1542 1070 1608; x_wconf 86' lang='lat' dir='ltr'>eodioe</span> <span class='ocrx_word' id='word_1_102' title='bbox 1092 1550 1178 1607; x_wconf 88' lang='lat' dir='ltr'>oerto</span> <span class='ocrx_word' id='word_1_103' title='bbox 1201 1563 1265 1608; x_wconf 91' lang='lat' dir='ltr'><strong><em>non</em></strong></span> <span class='ocrx_word' id='word_1_104' title='bbox 1288 1543 1395 1608; x_wconf 87' lang='lat' dir='ltr'>fuerit.</span> 
     </span>
    </p>

    <p class='ocr_par' dir='ltr' id='par_1_3' title="bbox 414 1644 1123 1729">
     <span class='ocr_line' id='line_1_13' title="bbox 414 1644 1123 1729; baseline 0 -20"><span class='ocrx_word' id='word_1_105' title='bbox 414 1645 526 1710; x_wconf 85' lang='lat' dir='ltr'><strong>Simile</strong></span> <span class='ocrx_word' id='word_1_106' title='bbox 549 1644 626 1727; x_wconf 88' lang='lat' dir='ltr'>quid</span> <span class='ocrx_word' id='word_1_107' title='bbox 647 1645 681 1708; x_wconf 91' lang='lat' dir='ltr'><strong><em>ni</em></strong></span> <span class='ocrx_word' id='word_1_108' title='bbox 703 1645 798 1710; x_wconf 86' lang='lat' dir='ltr'>fallor</span> <span class='ocrx_word' id='word_1_109' title='bbox 820 1645 936 1711; x_wconf 86' lang='lat' dir='ltr'>auoidit</span> <span class='ocrx_word' id='word_1_110' title='bbox 958 1667 990 1729; x_wconf 88' lang='lat' dir='ltr'><strong><em>p.</em></strong></span> <span class='ocrx_word' id='word_1_111' title='bbox 1007 1647 1123 1709; x_wconf 70' lang='lat' dir='ltr'>5487ss.</span> 
     </span>
    </p>

    <p class='ocr_par' dir='ltr' id='par_1_4' title="bbox 586 1748 1200 1812">
     <span class='ocr_line' id='line_1_14' title="bbox 586 1748 1200 1812; baseline 0.002 -1"><span class='ocrx_word' id='word_1_112' title='bbox 586 1748 626 1811; x_wconf 82' lang='lat' dir='ltr'><strong><em>F¹</em></strong></span> <span class='ocrx_word' id='word_1_113' title='bbox 1152 1748 1200 1812; x_wconf 79' lang='lat' dir='ltr'><strong><em>F²</em></strong></span> 
     </span>
    </p>

    <p class='ocr_par' dir='ltr' id='par_1_5' title="bbox 327 1843 1465 2556">
     <span class='ocr_line' id='line_1_15' title="bbox 327 1843 1463 1937; baseline 0 -23"><span class='ocrx_word' id='word_1_114' title='bbox 327 1852 539 1937; x_wconf 90' lang='grc' dir='ltr'><strong><em>παρακαλεῖν</em></strong></span> <span class='ocrx_word' id='word_1_115' title='bbox 549 1853 569 1934; x_wconf 91' lang='lat'><strong><em>¹)</em></strong></span> <span class='ocrx_word' id='word_1_116' title='bbox 589 1873 624 1914; x_wconf 92' lang='grc' dir='ltr'><strong><em>τε</em></strong></span> <span class='ocrx_word' id='word_1_117' title='bbox 645 1847 705 1936; x_wconf 81' lang='grc' dir='ltr'><strong><em>τὴν</em></strong></span> <span class='ocrx_word' id='word_1_118' title='bbox 726 1855 791 1916; x_wconf 85' lang='grc' dir='ltr'><strong><em>τῶν</em></strong></span> <span class='ocrx_word' id='word_1_119' title='bbox 799 1843 871 1914; x_wconf 84' lang='grc' dir='ltr'><strong><em>Ἑλ·</em></strong></span> <span class='ocrx_word' id='word_1_120' title='bbox 924 1850 1159 1935; x_wconf 64' lang='grc' dir='ltr'><strong><em>παρακαλεῖνί)</em></strong></span> <span class='ocrx_word' id='word_1_121' title='bbox 1180 1874 1215 1915; x_wconf 89' lang='grc' dir='ltr'><strong><em>τε</em></strong></span> <span class='ocrx_word' id='word_1_122' title='bbox 1235 1847 1295 1936; x_wconf 82' lang='grc' dir='ltr'><strong><em>τὴν</em></strong></span> <span class='ocrx_word' id='word_1_123' title='bbox 1307 1857 1379 1916; x_wconf 84' lang='grc' dir='ltr'><strong><em>τιῖιν</em></strong></span> <span class='ocrx_word' id='word_1_124' title='bbox 1393 1845 1463 1914; x_wconf 82' lang='grc' dir='ltr'><strong><em>Ἕλ-</em></strong></span> 
     </span>
     <span class='ocr_line' id='line_1_16' title="bbox 327 1947 1464 2041; baseline 0.002 -23"><span class='ocrx_word' id='word_1_125' title='bbox 327 1952 437 2041; x_wconf 83' lang='grc' dir='ltr'><strong><em>ληνων</em></strong></span> <span class='ocrx_word' id='word_1_126' title='bbox 453 1948 588 2019; x_wconf 75' lang='grc' dir='ltr'><strong><em>εὔνοιαν</em></strong></span> <span class='ocrx_word' id='word_1_127' title='bbox 608 1951 736 2018; x_wconf 88' lang='grc' dir='ltr'><strong><em>οἰκείαν</em></strong></span> <span class='ocrx_word' id='word_1_128' title='bbox 758 1963 871 2018; x_wconf 78' lang='grc' dir='ltr'><strong><em>ποιεῖν</em></strong></span> <span class='ocrx_word' id='word_1_129' title='bbox 922 1949 1032 2039; x_wconf 80' lang='grc' dir='ltr'><strong><em>λήνων</em></strong></span> <span class='ocrx_word' id='word_1_130' title='bbox 1048 1947 1184 2018; x_wconf 78' lang='grc' dir='ltr'><strong><em>εὔνοιαν</em></strong></span> <span class='ocrx_word' id='word_1_131' title='bbox 1199 1952 1327 2018; x_wconf 86' lang='grc' dir='ltr'><strong><em>οἰκείαν</em></strong></span> <span class='ocrx_word' id='word_1_132' title='bbox 1350 1967 1464 2020; x_wconf 80' lang='grc' dir='ltr'><strong><em>ποιεῖν</em></strong></span> 
     </span>
     <span class='ocr_line' id='line_1_17' title="bbox 327 2049 1464 2143; baseline 0 -21"><span class='ocrx_word' id='word_1_133' title='bbox 327 2064 366 2142; x_wconf 79' lang='grc' dir='ltr'><strong><em>τῇ</em></strong></span> <span class='ocrx_word' id='word_1_134' title='bbox 389 2054 490 2122; x_wconf 89' lang='grc' dir='ltr'><strong><em>πόλει</em></strong></span> <span class='ocrx_word' id='word_1_135' title='bbox 512 2060 671 2143; x_wconf 80' lang='grc' dir='ltr'><strong><em>μεγίστην</em></strong></span> <span class='ocrx_word' id='word_1_136' title='bbox 686 2049 870 2142; x_wconf 79' lang='grc' dir='ltr'><strong><em>ἡγούμενος</em></strong></span> <span class='ocrx_word' id='word_1_137' title='bbox 923 2062 961 2139; x_wconf 80' lang='grc' dir='ltr'><strong><em>τῇ</em></strong></span> <span class='ocrx_word' id='word_1_138' title='bbox 984 2052 1084 2120; x_wconf 88' lang='grc' dir='ltr'><strong><em>πόλει</em></strong></span> <span class='ocrx_word' id='word_1_139' title='bbox 1103 2059 1263 2142; x_wconf 82' lang='grc' dir='ltr'><strong><em>μεγίστην</em></strong></span> <span class='ocrx_word' id='word_1_140' title='bbox 1279 2049 1464 2142; x_wconf 81' lang='grc' dir='ltr'><strong><em>ἡγούμενος</em></strong></span> 
     </span>
     <span class='ocr_line' id='line_1_18' title="bbox 327 2153 1464 2247; baseline -0.001 -22"><span class='ocrx_word' id='word_1_141' title='bbox 327 2160 447 2247; x_wconf 92' lang='grc' dir='ltr'><strong><em>μερίδα</em></strong></span> <span class='ocrx_word' id='word_1_142' title='bbox 457 2163 478 2246; x_wconf 83' lang='lat'><strong><em>²)</em></strong></span> <span class='ocrx_word' id='word_1_143' title='bbox 521 2156 608 2246; x_wconf 89' lang='grc' dir='ltr'><strong><em>πρὸς</em></strong></span> <span class='ocrx_word' id='word_1_144' title='bbox 652 2153 871 2242; x_wconf 81' lang='grc' dir='ltr'><strong><em>εὐδαιμονίαν</em></strong></span> <span class='ocrx_word' id='word_1_145' title='bbox 922 2158 1067 2244; x_wconf 70' lang='lat' dir='ltr'>pept5u²j</span> <span class='ocrx_word' id='word_1_146' title='bbox 1081 2155 1168 2244; x_wconf 85' lang='grc' dir='ltr'><strong><em>πρὸς</em></strong></span> <span class='ocrx_word' id='word_1_147' title='bbox 1183 2153 1405 2240; x_wconf 78' lang='grc' dir='ltr'><strong><em>εὐδαιμονίαν</em></strong></span> <span class='ocrx_word' id='word_1_148' title='bbox 1423 2185 1464 2224; x_wconf 92' lang='grc' dir='ltr'><strong><em>τε</em></strong></span> 
     </span>
     <span class='ocr_line' id='line_1_19' title="bbox 327 2257 1465 2350; baseline -0.001 -23"><span class='ocrx_word' id='word_1_149' title='bbox 327 2275 559 2350; x_wconf 81' lang='grc' dir='ltr'><strong><em>παρασκευαῖς</em></strong></span> <span class='ocrx_word' id='word_1_150' title='bbox 584 2263 642 2326; x_wconf 84' lang='grc' dir='ltr'><strong><em>καὶ</em></strong></span> <span class='ocrx_word' id='word_1_151' title='bbox 670 2274 744 2338; x_wconf 90' lang='grc' dir='ltr'><strong><em>ταῖς</em></strong></span> <span class='ocrx_word' id='word_1_152' title='bbox 772 2263 870 2344; x_wconf 87' lang='grc' dir='ltr'><strong><em>μελέ-</em></strong></span> <span class='ocrx_word' id='word_1_153' title='bbox 922 2261 994 2324; x_wconf 85' lang='grc' dir='ltr'><strong><em>καὶ</em></strong></span> <span class='ocrx_word' id='word_1_154' title='bbox 1022 2259 1270 2337; x_wconf 78' lang='grc' dir='ltr'><strong><em>πολιτικοὺς</em></strong></span> <span class='ocrx_word' id='word_1_155' title='bbox 1297 2261 1374 2343; x_wconf 80' lang='grc' dir='ltr'><strong><em>μὲν</em></strong></span> <span class='ocrx_word' id='word_1_156' title='bbox 1405 2257 1465 2327; x_wconf 83' lang='grc' dir='ltr'><strong><em>εί-</em></strong></span> 
     </span>
     <span class='ocr_line' id='line_1_20' title="bbox 327 2362 1464 2452; baseline -0.001 -21"><span class='ocrx_word' id='word_1_157' title='bbox 327 2391 411 2449; x_wconf 91' lang='grc' dir='ltr'><strong><em>ταις,</em></strong></span> <span class='ocrx_word' id='word_1_158' title='bbox 431 2362 618 2452; x_wconf 82' lang='grc' dir='ltr'><strong><em>εἰρηνικοὺς</em></strong></span> <span class='ocrx_word' id='word_1_159' title='bbox 630 2365 666 2430; x_wconf 84' lang='grc' dir='ltr'><strong><em>δὲ</em></strong></span> <span class='ocrx_word' id='word_1_160' title='bbox 682 2372 727 2449; x_wconf 81' lang='grc' dir='ltr'><strong><em>τῷ</em></strong></span> <span class='ocrx_word' id='word_1_161' title='bbox 742 2365 869 2451; x_wconf 80' lang='grc' dir='ltr'><strong><em>μηδένα</em></strong></span> <span class='ocrx_word' id='word_1_162' title='bbox 921 2388 993 2429; x_wconf 93' lang='grc' dir='ltr'><strong><em>ναι</em></strong></span> <span class='ocrx_word' id='word_1_163' title='bbox 1021 2369 1283 2450; x_wconf 64' lang='grc' dir='ltr'><strong><em>παρασκεοαῐςῧλ</em></strong></span> <span class='ocrx_word' id='word_1_164' title='bbox 1311 2366 1369 2428; x_wconf 87' lang='grc' dir='ltr'><strong><em>καὶ</em></strong></span> <span class='ocrx_word' id='word_1_165' title='bbox 1391 2378 1464 2442; x_wconf 88' lang='grc' dir='ltr'><strong><em>ταῖς</em></strong></span> 
     </span>
     <span class='ocr_line' id='line_1_21' title="bbox 327 2463 1169 2556; baseline -0.004 -23"><span class='ocrx_word' id='word_1_166' title='bbox 327 2469 433 2556; x_wconf 81' lang='grc' dir='ltr'><strong><em>μηδὲν</em></strong></span> <span class='ocrx_word' id='word_1_167' title='bbox 448 2463 586 2534; x_wconf 80' lang='grc' dir='ltr'><strong><em>ἀδικεῖν.</em></strong></span> <span class='ocrx_word' id='word_1_168' title='bbox 921 2467 1076 2547; x_wconf 86' lang='grc' dir='ltr'><strong><em>μελέταις</em></strong></span> <span class='ocrx_word' id='word_1_169' title='bbox 1098 2469 1169 2531; x_wconf 91' lang='grc' dir='ltr'><strong><em>κτλ.</em></strong></span> 
     </span>
    </p>

    <p class='ocr_par' dir='ltr' id='par_1_6' title="bbox 327 2572 1466 3279">
     <span class='ocr_line' id='line_1_22' title="bbox 416 2572 1464 2663; baseline -0.001 -18"><span class='ocrx_word' id='word_1_170' title='bbox 416 2581 521 2646; x_wconf 85' lang='lat' dir='ltr'>Verba</span> <span class='ocrx_word' id='word_1_171' title='bbox 542 2581 600 2644; x_wconf 86' lang='grc' dir='ltr'><strong><em>καὶ</em></strong></span> <span class='ocrx_word' id='word_1_172' title='bbox 622 2576 817 2655; x_wconf 84' lang='grc' dir='ltr'><strong><em>πολιτικοὺς</em></strong></span> <span class='ocrx_word' id='word_1_173' title='bbox 839 2579 902 2660; x_wconf 81' lang='grc' dir='ltr'><strong><em>μέν</em></strong></span> <span class='ocrx_word' id='word_1_174' title='bbox 918 2572 1006 2645; x_wconf 81' lang='grc' dir='ltr'><strong><em>εἶναι</em></strong></span> <span class='ocrx_word' id='word_1_175' title='bbox 1027 2579 1118 2644; x_wconf 85' lang='lat' dir='ltr'><strong>addit</strong></span> <span class='ocrx_word' id='word_1_176' title='bbox 1140 2579 1188 2642; x_wconf 81' lang='lat' dir='ltr'><strong><em>F²</em></strong></span> <span class='ocrx_word' id='word_1_177' title='bbox 1210 2579 1244 2643; x_wconf 92' lang='lat' dir='ltr'><strong><em>in</em></strong></span> <span class='ocrx_word' id='word_1_178' title='bbox 1266 2601 1345 2663; x_wconf 84' lang='lat' dir='ltr'>mg.,</span> <span class='ocrx_word' id='word_1_179' title='bbox 1374 2603 1409 2644; x_wconf 86' lang='grc' dir='ltr'><strong><em>τε</em></strong></span> <span class='ocrx_word' id='word_1_180' title='bbox 1432 2581 1464 2645; x_wconf 89' lang='lat' dir='ltr'><strong><em>in</em></strong></span> 
     </span>
     <span class='ocr_line' id='line_1_23' title="bbox 327 2683 1466 2769; baseline 0 -19"><span class='ocrx_word' id='word_1_181' title='bbox 327 2686 399 2769; x_wconf 87' lang='lat' dir='ltr'>ipso</span> <span class='ocrx_word' id='word_1_182' title='bbox 422 2691 527 2760; x_wconf 88' lang='lat' dir='ltr'>textu;</span> <span class='ocrx_word' id='word_1_183' title='bbox 559 2684 634 2748; x_wconf 89' lang='lat' dir='ltr'><strong><em>dum</em></strong></span> <span class='ocrx_word' id='word_1_184' title='bbox 657 2684 740 2749; x_wconf 89' lang='lat' dir='ltr'>tollit</span> <span class='ocrx_word' id='word_1_185' title='bbox 762 2683 913 2750; x_wconf 87' lang='lat' dir='ltr'>damnum</span> <span class='ocrx_word' id='word_1_186' title='bbox 936 2689 1087 2766; x_wconf 82' lang='lat' dir='ltr'>exparte</span> <span class='ocrx_word' id='word_1_187' title='bbox 1110 2721 1140 2728; x_wconf 82' lang='lat'><strong><em>--</em></strong></span> <span class='ocrx_word' id='word_1_188' title='bbox 1174 2703 1283 2748; x_wconf 85' lang='lat' dir='ltr'>verum</span> <span class='ocrx_word' id='word_1_189' title='bbox 1308 2685 1394 2749; x_wconf 90' lang='lat' dir='ltr'>enim</span> <span class='ocrx_word' id='word_1_190' title='bbox 1418 2693 1466 2750; x_wconf 89' lang='lat' dir='ltr'>est</span> 
     </span>
     <span class='ocr_line' id='line_1_24' title="bbox 328 2779 1464 2870; baseline 0 -18"><span class='ocrx_word' id='word_1_191' title='bbox 328 2789 385 2852; x_wconf 84' lang='grc' dir='ltr'><strong><em>καὶ</em></strong></span> <span class='ocrx_word' id='word_1_192' title='bbox 407 2784 612 2870; x_wconf 81' lang='grc' dir='ltr'><strong><em>πολεμικοὺς</em></strong></span> <span class='ocrx_word' id='word_1_193' title='bbox 634 2786 697 2868; x_wconf 83' lang='grc' dir='ltr'><strong><em>μέν</em></strong></span> <span class='ocrx_word' id='word_1_194' title='bbox 719 2779 862 2852; x_wconf 77' lang='grc' dir='ltr'><strong><em>εἶναι-</em></strong></span> <span class='ocrx_word' id='word_1_195' title='bbox 884 2805 1001 2850; x_wconf 91' lang='lat' dir='ltr'>novum</span> <span class='ocrx_word' id='word_1_196' title='bbox 1023 2785 1174 2850; x_wconf 90' lang='lat' dir='ltr'>mendum</span> <span class='ocrx_word' id='word_1_197' title='bbox 1197 2785 1286 2850; x_wconf 83' lang='lat' dir='ltr'><strong>addit</strong></span> <span class='ocrx_word' id='word_1_198' title='bbox 1308 2811 1353 2868; x_wconf 90' lang='grc' dir='ltr'><strong><em>τε,</em></strong></span> <span class='ocrx_word' id='word_1_199' title='bbox 1381 2787 1464 2869; x_wconf 90' lang='lat' dir='ltr'>quod</span> 
     </span>
     <span class='ocr_line' id='line_1_25' title="bbox 327 2888 1458 2974; baseline -0.001 -19"><span class='ocrx_word' id='word_1_200' title='bbox 327 2891 397 2956; x_wconf 91' lang='lat' dir='ltr'>fieri</span> <span class='ocrx_word' id='word_1_201' title='bbox 420 2910 499 2955; x_wconf 90' lang='lat' dir='ltr'>sane</span> <span class='ocrx_word' id='word_1_202' title='bbox 521 2896 628 2974; x_wconf 87' lang='lat' dir='ltr'>potest</span> <span class='ocrx_word' id='word_1_203' title='bbox 649 2896 685 2954; x_wconf 92' lang='lat' dir='ltr'><strong><em>ut</em></strong></span> <span class='ocrx_word' id='word_1_204' title='bbox 706 2889 739 2952; x_wconf 93' lang='lat' dir='ltr'><strong><em>in</em></strong></span> <span class='ocrx_word' id='word_1_205' title='bbox 762 2888 872 2954; x_wconf 85' lang='lat' dir='ltr'>codiee</span> <span class='ocrx_word' id='word_1_206' title='bbox 893 2888 998 2969; x_wconf 85' lang='lat' dir='ltr'>fuerit,</span> <span class='ocrx_word' id='word_1_207' title='bbox 1025 2907 1084 2953; x_wconf 88' lang='lat' dir='ltr'>neo</span> <span class='ocrx_word' id='word_1_208' title='bbox 1108 2895 1216 2953; x_wconf 88' lang='lat' dir='ltr'>tamen</span> <span class='ocrx_word' id='word_1_209' title='bbox 1232 2888 1327 2954; x_wconf 88' lang='lat' dir='ltr'>fidem</span> <span class='ocrx_word' id='word_1_210' title='bbox 1350 2890 1458 2970; x_wconf 87' lang='lat' dir='ltr'>habet,</span> 
     </span>
     <span class='ocr_line' id='line_1_26' title="bbox 328 2989 1465 3076; baseline 0.001 -19"><span class='ocrx_word' id='word_1_211' title='bbox 328 3013 399 3058; x_wconf 88' lang='lat' dir='ltr'><strong><em>oum</em></strong></span> <span class='ocrx_word' id='word_1_212' title='bbox 428 2991 618 3076; x_wconf 88' lang='lat' dir='ltr'>praesertim</span> <span class='ocrx_word' id='word_1_213' title='bbox 647 2991 680 3055; x_wconf 91' lang='lat' dir='ltr'><strong><em>in</em></strong></span> <span class='ocrx_word' id='word_1_214' title='bbox 708 2989 920 3055; x_wconf 83' lang='lat' dir='ltr'>Ambrosiano</span> <span class='ocrx_word' id='word_1_215' title='bbox 949 2989 1110 3074; x_wconf 80' lang='lat' dir='ltr'>particula</span> <span class='ocrx_word' id='word_1_216' title='bbox 1140 3011 1204 3055; x_wconf 92' lang='lat' dir='ltr'><strong><em>nou</em></strong></span> <span class='ocrx_word' id='word_1_217' title='bbox 1231 2991 1327 3056; x_wconf 85' lang='lat' dir='ltr'>adsit.</span> <span class='ocrx_word' id='word_1_218' title='bbox 1375 2992 1465 3069; x_wconf 84' lang='lat' dir='ltr'>Qua-</span> 
     </span>
     <span class='ocr_line' id='line_1_27' title="bbox 328 3093 1465 3180; baseline 0 -20"><span class='ocrx_word' id='word_1_219' title='bbox 328 3103 455 3180; x_wconf 85' lang='lat' dir='ltr'><strong>propter</strong></span> <span class='ocrx_word' id='word_1_220' title='bbox 477 3096 518 3160; x_wconf 89' lang='lat' dir='ltr'>de</span> <span class='ocrx_word' id='word_1_221' title='bbox 540 3095 785 3178; x_wconf 79' lang='lat' dir='ltr'>interpolatione</span> <span class='ocrx_word' id='word_1_222' title='bbox 814 3113 928 3158; x_wconf 88' lang='lat' dir='ltr'>manus</span> <span class='ocrx_word' id='word_1_223' title='bbox 958 3093 1119 3159; x_wconf 78' lang='lat' dir='ltr'>secundae</span> <span class='ocrx_word' id='word_1_224' title='bbox 1148 3113 1244 3175; x_wconf 90' lang='lat' dir='ltr'>quarn</span> <span class='ocrx_word' id='word_1_225' title='bbox 1273 3093 1314 3159; x_wconf 90' lang='lat' dir='ltr'>de</span> <span class='ocrx_word' id='word_1_226' title='bbox 1343 3095 1465 3160; x_wconf 85' lang='lat' dir='ltr'>oodiois</span> 
     </span>
     <span class='ocr_line' id='line_1_28' title="bbox 328 3196 1142 3279; baseline -0.002 -17"><span class='ocrx_word' id='word_1_227' title='bbox 328 3198 464 3263; x_wconf 86' lang='lat' dir='ltr'>alieuius</span> <span class='ocrx_word' id='word_1_228' title='bbox 487 3197 675 3279; x_wconf 83' lang='lat' dir='ltr'>antiquioris</span> <span class='ocrx_word' id='word_1_229' title='bbox 698 3197 835 3262; x_wconf 88' lang='lat' dir='ltr'>leotione</span> <span class='ocrx_word' id='word_1_230' title='bbox 857 3197 998 3279; x_wconf 80' lang='lat' dir='ltr'>cogitare</span> <span class='ocrx_word' id='word_1_231' title='bbox 1022 3196 1142 3260; x_wconf 89' lang='lat' dir='ltr'>malim.</span> 
     </span>
    </p>

    <p class='ocr_par' dir='ltr' id='par_1_7' title="bbox 328 3299 1466 3589">
     <span class='ocr_line' id='line_1_29' title="bbox 415 3299 1466 3386; baseline 0.002 -22"><span class='ocrx_word' id='word_1_232' title='bbox 415 3305 445 3364; x_wconf 90' lang='grc'><strong><em>3.</em></strong></span> <span class='ocrx_word' id='word_1_233' title='bbox 471 3301 587 3365; x_wconf 87' lang='lat' dir='ltr'>Manus</span> <span class='ocrx_word' id='word_1_234' title='bbox 609 3299 712 3381; x_wconf 86' lang='lat' dir='ltr'>tertia,</span> <span class='ocrx_word' id='word_1_235' title='bbox 739 3320 835 3381; x_wconf 90' lang='lat' dir='ltr'>quarn</span> <span class='ocrx_word' id='word_1_236' title='bbox 857 3300 891 3364; x_wconf 94' lang='lat' dir='ltr'><strong><em>in</em></strong></span> <span class='ocrx_word' id='word_1_237' title='bbox 914 3300 981 3364; x_wconf 89' lang='lat' dir='ltr'>solo</span> <span class='ocrx_word' id='word_1_238' title='bbox 997 3299 1159 3366; x_wconf 87' lang='lat' dir='ltr'>Dinaroho</span> <span class='ocrx_word' id='word_1_239' title='bbox 1182 3321 1349 3366; x_wconf 87' lang='lat' dir='ltr'>oeeurrere</span> <span class='ocrx_word' id='word_1_240' title='bbox 1368 3321 1466 3386; x_wconf 88' lang='lat' dir='ltr'>supra</span> 
     </span>
     <span class='ocr_line' id='line_1_30' title="bbox 328 3402 1465 3488; baseline 0.001 -20"><span class='ocrx_word' id='word_1_241' title='bbox 328 3403 406 3480; x_wconf 80' lang='lat' dir='ltr'>dixi,</span> <span class='ocrx_word' id='word_1_242' title='bbox 431 3410 467 3468; x_wconf 92' lang='lat' dir='ltr'><strong><em>ut</em></strong></span> <span class='ocrx_word' id='word_1_243' title='bbox 489 3422 560 3467; x_wconf 89' lang='lat' dir='ltr'>raro</span> <span class='ocrx_word' id='word_1_244' title='bbox 583 3409 755 3486; x_wconf 81' lang='lat' dir='ltr'>comparet,</span> <span class='ocrx_word' id='word_1_245' title='bbox 782 3403 828 3466; x_wconf 91' lang='lat' dir='ltr'><strong><em>ita</em></strong></span> <span class='ocrx_word' id='word_1_246' title='bbox 850 3402 1015 3467; x_wconf 86' lang='lat' dir='ltr'>levissima</span> <span class='ocrx_word' id='word_1_247' title='bbox 1037 3421 1184 3484; x_wconf 89' lang='lat' dir='ltr'>quaeque</span> <span class='ocrx_word' id='word_1_248' title='bbox 1205 3403 1322 3468; x_wconf 88' lang='lat' dir='ltr'>menda</span> <span class='ocrx_word' id='word_1_249' title='bbox 1337 3405 1465 3488; x_wconf 90' lang='lat' dir='ltr'>proprio</span> 
     </span>
     <span class='ocr_line' id='line_1_31' title="bbox 328 3505 1465 3589; baseline 0.002 -19"><span class='ocrx_word' id='word_1_250' title='bbox 328 3506 431 3570; x_wconf 89' lang='lat' dir='ltr'>Marte</span> <span class='ocrx_word' id='word_1_251' title='bbox 446 3505 529 3570; x_wconf 90' lang='lat' dir='ltr'>tollit</span> <span class='ocrx_word' id='word_1_252' title='bbox 537 3509 574 3589; x_wconf 69' lang='lat'><strong><em>4).</em></strong></span> <span class='ocrx_word' id='word_1_253' title='bbox 603 3506 671 3569; x_wconf 89' lang='lat' dir='ltr'><strong><em>Iam</em></strong></span> <span class='ocrx_word' id='word_1_254' title='bbox 689 3525 758 3570; x_wconf 84' lang='lat' dir='ltr'>curn</span> <span class='ocrx_word' id='word_1_255' title='bbox 772 3506 885 3569; x_wconf 89' lang='lat' dir='ltr'>Petrus</span> <span class='ocrx_word' id='word_1_256' title='bbox 894 3505 1054 3570; x_wconf 82' lang='lat' dir='ltr'>Victorius</span> <span class='ocrx_word' id='word_1_257' title='bbox 1070 3526 1099 3569; x_wconf 90' lang='lat' dir='ltr'><strong><em>a.</em></strong></span> <span class='ocrx_word' id='word_1_258' title='bbox 1115 3509 1196 3568; x_wconf 79' lang='lat'>1580</span> <span class='ocrx_word' id='word_1_259' title='bbox 1212 3525 1253 3570; x_wconf 81' lang='lat' dir='ltr'>ex</span> <span class='ocrx_word' id='word_1_260' title='bbox 1267 3505 1338 3589; x_wconf 85' lang='lat' dir='ltr'>ipso</span> <span class='ocrx_word' id='word_1_261' title='bbox 1355 3506 1465 3572; x_wconf 88' lang='lat' dir='ltr'>oodioe</span> 
     </span>
    </p>
   </div>
   <div class='ocr_carea' id='block_1_3' title="bbox 328 3691 1465 4106">
    <p class='ocr_par' dir='ltr' id='par_1_8' title="bbox 328 3691 1465 4106">
     <span class='ocr_line' id='line_1_32' title="bbox 399 3691 1465 3762; baseline 0.001 -15"><span class='ocrx_word' id='word_1_262' title='bbox 399 3695 415 3756; x_wconf 74' lang='lat'><strong><em>¹]</em></strong></span> <span class='ocrx_word' id='word_1_263' title='bbox 438 3693 482 3747; x_wconf 86' lang='lat' dir='ltr'><strong><em>Ita</em></strong></span> <span class='ocrx_word' id='word_1_264' title='bbox 500 3692 522 3745; x_wconf 83' lang='lat' dir='ltr'><strong>F</strong></span> <span class='ocrx_word' id='word_1_265' title='bbox 541 3693 611 3746; x_wconf 86' lang='lat' dir='ltr'>mate</span> <span class='ocrx_word' id='word_1_266' title='bbox 643 3694 653 3756; x_wconf 82' lang='grc'><strong><em>11</em></strong></span> <span class='ocrx_word' id='word_1_267' title='bbox 693 3691 712 3756; x_wconf 72' lang='lat'><strong><em>2)</em></strong></span> <span class='ocrx_word' id='word_1_268' title='bbox 733 3691 835 3762; x_wconf 81' lang='grc' dir='ltr'><strong><em>μερίδα</em></strong></span> <span class='ocrx_word' id='word_1_269' title='bbox 853 3707 997 3760; x_wconf 86' lang='lat' dir='ltr'>perperam</span> <span class='ocrx_word' id='word_1_270' title='bbox 1015 3693 1200 3762; x_wconf 86' lang='lat' dir='ltr'>interpolatur</span> <span class='ocrx_word' id='word_1_271' title='bbox 1228 3695 1239 3759; x_wconf 89' lang='grc'><strong><em>11</em></strong></span> <span class='ocrx_word' id='word_1_272' title='bbox 1280 3694 1299 3758; x_wconf 80' lang='lat'><strong><em>³)</em></strong></span> <span class='ocrx_word' id='word_1_273' title='bbox 1321 3699 1383 3752; x_wconf 80' lang='grc' dir='ltr'><strong><em>ταῖς</em></strong></span> <span class='ocrx_word' id='word_1_274' title='bbox 1401 3702 1465 3749; x_wconf 85' lang='lat' dir='ltr'>ante</span> 
     </span>
     <span class='ocr_line' id='line_1_33' title="bbox 329 3777 1465 3851; baseline 0.004 -20"><span class='ocrx_word' id='word_1_275' title='bbox 329 3782 522 3851; x_wconf 78' lang='grc' dir='ltr'><strong><em>παρασκευαῖς</em></strong></span> <span class='ocrx_word' id='word_1_276' title='bbox 540 3778 580 3831; x_wconf 76' lang='lat' dir='ltr'><strong><em>F²</em></strong></span> <span class='ocrx_word' id='word_1_277' title='bbox 596 3779 701 3838; x_wconf 85' lang='lat' dir='ltr'>addere</span> <span class='ocrx_word' id='word_1_278' title='bbox 721 3777 809 3831; x_wconf 84' lang='lat' dir='ltr'>oblita</span> <span class='ocrx_word' id='word_1_279' title='bbox 833 3783 884 3831; x_wconf 85' lang='lat' dir='ltr'>est.</span> <span class='ocrx_word' id='word_1_280' title='bbox 917 3780 928 3844; x_wconf 87' lang='grc' dir='ltr'><strong><em>ΙΙ</em></strong></span> <span class='ocrx_word' id='word_1_281' title='bbox 968 3779 987 3841; x_wconf 76' lang='lat'><strong><em>⁴)</em></strong></span> <span class='ocrx_word' id='word_1_282' title='bbox 1009 3778 1124 3832; x_wconf 87' lang='lat' dir='ltr'>Praeter</span> <span class='ocrx_word' id='word_1_283' title='bbox 1145 3786 1276 3834; x_wconf 84' lang='lat' dir='ltr'>accentus</span> <span class='ocrx_word' id='word_1_284' title='bbox 1295 3781 1465 3850; x_wconf 82' lang='lat' dir='ltr'>spiritusque</span> 
     </span>
     <span class='ocr_line' id='line_1_34' title="bbox 328 3860 1463 3932; baseline 0 -14"><span class='ocrx_word' id='word_1_285' title='bbox 328 3865 403 3918; x_wconf 87' lang='lat' dir='ltr'>haud</span> <span class='ocrx_word' id='word_1_286' title='bbox 421 3869 524 3931; x_wconf 82' lang='lat' dir='ltr'>paucos</span> <span class='ocrx_word' id='word_1_287' title='bbox 539 3863 650 3918; x_wconf 82' lang='lat' dir='ltr'>additos</span> <span class='ocrx_word' id='word_1_288' title='bbox 663 3864 784 3918; x_wconf 82' lang='lat' dir='ltr'>correxit</span> <span class='ocrx_word' id='word_1_289' title='bbox 802 3863 886 3916; x_wconf 87' lang='lat' dir='ltr'>haee:</span> <span class='ocrx_word' id='word_1_290' title='bbox 908 3865 1027 3932; x_wconf 74' lang='lat' dir='ltr'>praere</span> <span class='ocrx_word' id='word_1_291' title='bbox 1047 3860 1099 3914; x_wconf 85' lang='grc' dir='ltr'><strong><em>τὸν</em></strong></span> <span class='ocrx_word' id='word_1_292' title='bbox 1110 3863 1158 3917; x_wconf 84' lang='lat' dir='ltr'><strong><em>F¹:</em></strong></span> <span class='ocrx_word' id='word_1_293' title='bbox 1180 3867 1235 3916; x_wconf 87' lang='grc' dir='ltr'><strong><em>τῶν</em></strong></span> <span class='ocrx_word' id='word_1_294' title='bbox 1247 3864 1286 3918; x_wconf 77' lang='lat' dir='ltr'><strong><em>F3</em></strong></span> <span class='ocrx_word' id='word_1_295' title='bbox 1304 3882 1357 3932; x_wconf 87' lang='lat' dir='ltr'><strong><em>mg.</em></strong></span> <span class='ocrx_word' id='word_1_296' title='bbox 1374 3869 1463 3930; x_wconf 77' lang='grc'><strong>116404</strong></span> 
     </span>
     <span class='ocr_line' id='line_1_35' title="bbox 328 3943 1463 4020; baseline 0 -19"><span class='ocrx_word' id='word_1_297' title='bbox 328 3946 441 4020; x_wconf 61' lang='lat' dir='ltr'>diruti:</span> <span class='ocrx_word' id='word_1_298' title='bbox 464 3943 577 4015; x_wconf 66' lang='grc' dir='ltr'><strong><em>δέναιλτ</em></strong></span> <span class='ocrx_word' id='word_1_299' title='bbox 591 3949 601 4018; x_wconf 78' lang='grc' dir='ltr'><strong><em>ΙΙ</em></strong></span> <span class='ocrx_word' id='word_1_300' title='bbox 612 3951 677 4002; x_wconf 76' lang='lat' dir='ltr'>utto</span> <span class='ocrx_word' id='word_1_301' title='bbox 693 3951 771 4002; x_wconf 77' lang='grc' dir='ltr'><strong><em>λῖανι</em></strong></span> <span class='ocrx_word' id='word_1_302' title='bbox 793 3950 879 4012; x_wconf 81' lang='grc' dir='ltr'><strong><em>λείαν,</em></strong></span> <span class='ocrx_word' id='word_1_303' title='bbox 895 3965 967 4003; x_wconf 87' lang='lat' dir='ltr'>man.</span> <span class='ocrx_word' id='word_1_304' title='bbox 981 3951 1086 4017; x_wconf 85' lang='lat' dir='ltr'>primae</span> <span class='ocrx_word' id='word_1_305' title='bbox 1100 3956 1173 4003; x_wconf 87' lang='lat' dir='ltr'>aeut.</span> <span class='ocrx_word' id='word_1_306' title='bbox 1187 3951 1277 4019; x_wconf 67' lang='lat' dir='ltr'>erasti</span> <span class='ocrx_word' id='word_1_307' title='bbox 1292 3963 1318 4002; x_wconf 88' lang='lat'><strong><em>11</em></strong></span> <span class='ocrx_word' id='word_1_308' title='bbox 1335 3946 1463 4020; x_wconf 75' lang='grc' dir='ltr'><strong><em>ἐκλογὴν,</em></strong></span> 
     </span>
     <span class='ocr_line' id='line_1_36' title="bbox 328 4034 1464 4106; baseline -0.001 -16"><span class='ocrx_word' id='word_1_309' title='bbox 328 4039 392 4102; x_wconf 68' lang='lat' dir='ltr'><strong><em>oin</em></strong></span> <span class='ocrx_word' id='word_1_310' title='bbox 410 4052 482 4100; x_wconf 85' lang='lat' dir='ltr'>ras.;</span> <span class='ocrx_word' id='word_1_311' title='bbox 502 4037 592 4105; x_wconf 85' lang='lat' dir='ltr'>spirit.</span> <span class='ocrx_word' id='word_1_312' title='bbox 613 4044 642 4090; x_wconf 89' lang='lat' dir='ltr'>et</span> <span class='ocrx_word' id='word_1_313' title='bbox 661 4053 718 4091; x_wconf 87' lang='lat' dir='ltr'>aee.</span> <span class='ocrx_word' id='word_1_314' title='bbox 737 4037 801 4090; x_wconf 86' lang='lat' dir='ltr'>add.</span> <span class='ocrx_word' id='word_1_315' title='bbox 816 4041 827 4102; x_wconf 81' lang='grc' dir='ltr'><strong><em>ΙΙ</em></strong></span> <span class='ocrx_word' id='word_1_316' title='bbox 845 4038 909 4088; x_wconf 80' lang='grc'><strong>6434</strong></span> <span class='ocrx_word' id='word_1_317' title='bbox 930 4034 1070 4104; x_wconf 73' lang='grc' dir='ltr'><strong><em>ἔκλαγεῖνι</em></strong></span> <span class='ocrx_word' id='word_1_318' title='bbox 1091 4034 1234 4105; x_wconf 64' lang='lat' dir='ltr'>(into)er</span> <span class='ocrx_word' id='word_1_319' title='bbox 1252 4037 1280 4090; x_wconf 93' lang='lat' dir='ltr'><strong><em>in</em></strong></span> <span class='ocrx_word' id='word_1_320' title='bbox 1299 4053 1353 4106; x_wconf 84' lang='lat' dir='ltr'><strong><em>mg.</em></strong></span> <span class='ocrx_word' id='word_1_321' title='bbox 1368 4039 1379 4103; x_wconf 88' lang='grc' dir='ltr'><strong><em>ΙΙ</em></strong></span> <span class='ocrx_word' id='word_1_322' title='bbox 1399 4041 1464 4090; x_wconf 77' lang='grc'><strong>6462</strong></span> 
     </span>
    </p>
   </div>
   <div class='ocr_carea' id='block_1_4' title="bbox 327 4111 1465 4300">
    <p class='ocr_par' dir='ltr' id='par_1_9' title="bbox 327 4111 1465 4300">
     <span class='ocr_line' id='line_1_37' title="bbox 328 4111 1465 4211; baseline 0.002 -19"><span class='ocrx_word' id='word_1_323' title='bbox 328 4137 364 4192; x_wconf 83' lang='grc' dir='ltr'><strong><em>ἀν</em></strong></span> <span class='ocrx_word' id='word_1_324' title='bbox 379 4136 507 4204; x_wconf 61' lang='lat' dir='ltr'>niqueto:</span> <span class='ocrx_word' id='word_1_325' title='bbox 529 4135 566 4191; x_wconf 81' lang='grc' dir='ltr'><strong><em>ἀν</em></strong></span> <span class='ocrx_word' id='word_1_326' title='bbox 584 4135 698 4202; x_wconf 73' lang='grc' dir='ltr'><strong><em>ἀληθεῖς</em></strong></span> <span class='ocrx_word' id='word_1_327' title='bbox 711 4141 722 4206; x_wconf 90' lang='grc' dir='ltr'><strong><em>ΙΙ</em></strong></span> <span class='ocrx_word' id='word_1_328' title='bbox 742 4152 754 4190; x_wconf 79' lang='lat' dir='ltr'>:r</span> <span class='ocrx_word' id='word_1_329' title='bbox 775 4134 859 4211; x_wconf 75' lang='grc' dir='ltr'><strong><em>ὑπὲρι</em></strong></span> <span class='ocrx_word' id='word_1_330' title='bbox 887 4111 916 4192; x_wconf 70' lang='grc' dir='ltr'><strong><em>1·β</em></strong></span> <span class='ocrx_word' id='word_1_331' title='bbox 933 4137 961 4190; x_wconf 85' lang='grc' dir='ltr'><strong><em>οἱ</em></strong></span> <span class='ocrx_word' id='word_1_332' title='bbox 977 4137 1040 4209; x_wconf 85' lang='grc' dir='ltr'><strong><em>περὶ</em></strong></span> <span class='ocrx_word' id='word_1_333' title='bbox 1058 4139 1086 4191; x_wconf 92' lang='lat' dir='ltr'><strong><em>in</em></strong></span> <span class='ocrx_word' id='word_1_334' title='bbox 1102 4155 1171 4206; x_wconf 84' lang='lat' dir='ltr'>mg.;</span> <span class='ocrx_word' id='word_1_335' title='bbox 1198 4143 1265 4192; x_wconf 87' lang='lat' dir='ltr'>nota</span> <span class='ocrx_word' id='word_1_336' title='bbox 1285 4113 1465 4194; x_wconf 65' lang='lat' dir='ltr'>ffeodiois</span> 
     </span>
     <span class='ocr_line' id='line_1_38' title="bbox 327 4207 1465 4300; baseline -0.003 -10"><span class='ocrx_word' id='word_1_337' title='bbox 327 4234 446 4290; x_wconf 84' lang='lat' dir='ltr'>alieuius</span> <span class='ocrx_word' id='word_1_338' title='bbox 461 4207 606 4297; x_wconf 34' lang='lat' dir='ltr'>leotioffut</span> <span class='ocrx_word' id='word_1_339' title='bbox 618 4231 676 4288; x_wconf 87' lang='lat' dir='ltr'>feru</span> <span class='ocrx_word' id='word_1_340' title='bbox 689 4231 728 4296; x_wconf 86' lang='lat' dir='ltr'><strong><em>fit,</em></strong></span> <span class='ocrx_word' id='word_1_341' title='bbox 750 4233 862 4288; x_wconf 80' lang='lat' dir='ltr'>hicnon</span> <span class='ocrx_word' id='word_1_342' title='bbox 875 4232 1056 4300; x_wconf 81' lang='lat' dir='ltr'>significatur.</span> <span class='ocrx_word' id='word_1_343' title='bbox 1089 4233 1268 4288; x_wconf 82' lang='lat' dir='ltr'>Florentinus</span> <span class='ocrx_word' id='word_1_344' title='bbox 1281 4233 1355 4288; x_wconf 90' lang='lat' dir='ltr'>enim</span> <span class='ocrx_word' id='word_1_345' title='bbox 1367 4233 1465 4288; x_wconf 82' lang='lat' dir='ltr'>unicus</span> 
     </span>
    </p>
   </div>
   <div class='ocr_carea' id='block_1_5' title="bbox 0 0 1634 5140">
    <p class='ocr_par' dir='ltr' id='par_1_10' title="bbox 0 0 1634 5140">
     <span class='ocr_line' id='line_1_39' title="bbox 0 0 1634 5140; baseline 0 0"><span class='ocrx_word' id='word_1_346' title='bbox 0 0 1634 5140; x_wconf 95' lang='lat' dir='ltr'><strong><em> </em></strong></span> 
     </span>
    </p>
   </div>
  </div>
 </body>
</html>
