3182 5136
584 403 628 417 --
675 367 759 450 [nou]
804 403 850 417 --
1226 365 1284 429 181

142 551 411 638 θαυμαζόμενος
433 554 582 638 volgatae
601 553 773 620 lectionem
788 552 939 620 Graeculi
962 552 1099 620 alieuius
1122 551 1286 618 oonieotu-

142 678 213 722 ram
236 676 309 724 esse
337 656 455 724 iudico.
503 656 569 722 Sed
596 676 817 740 quaecumque
845 655 907 722 fuit
936 655 1012 721 olim
1034 653 1124 720 verbi
1146 651 1286 735 θαυμά-

144 760 215 840 ζειν
243 761 363 844 forma‚
396 760 553 846 Dionysio
584 766 670 826 oerto
702 780 767 826 non
794 758 942 825 debetur.
995 759 1109 841 Neque
1138 757 1225 826 anim
1253 756 1288 823 id

142 859 214 948 agit
242 865 436 950 Dionysius,
469 870 505 930 ut
534 863 780 930 admirationem
803 862 924 946 Gorgia
953 861 1041 947 prius
1063 861 1288 949 Thucydidem

142 973 274 1033 nantum
308 987 380 1034 esse
414 967 544 1052 probet,
582 965 641 1033 sed
669 965 747 1043 hoo,
786 965 877 1051 prius
911 985 1006 1048 quam
1039 965 1132 1030 illum
1160 963 1288 1048 poetioa

144 1071 286 1136 dictione
322 1071 356 1136 in
391 1069 588 1136 orationibus
623 1089 717 1135 usum
750 1088 823 1135 essa
859 1067 1055 1134 historicum.
1117 1069 1289 1132 Praeterea

142 1174 230 1240 idem
260 1175 394 1240 verbum
427 1172 637 1257 sequentibus
671 1170 936 1255 δαιμονιώτατος
969 1177 1035 1237 τῶν
1064 1174 1288 1258 συγγραφέων

143 1296 208 1341 non
231 1276 422 1360 languidum
444 1275 556 1360 modo,
590 1275 649 1341 aed
670 1295 801 1360 prorsus
823 1274 921 1342 etiam
943 1293 1215 1358 supervacaneum
1237 1273 1285 1338 fit.

144 1379 293 1463 Denique
316 1378 393 1462 quid
423 1379 486 1446 sibi
507 1378 585 1445 velit
608 1398 671 1444 vox
694 1374 862 1460 τοῦνομα,
898 1397 992 1444 nemo
1022 1377 1186 1462 explicare
1214 1380 1288 1460 pot·

134 1482 221 1561 -erit3
260 1481 343 1549 adeo
374 1482 484 1548 ieiuna
516 1489 567 1548 est
596 1488 691 1565 atque
721 1481 874 1547 absurda.
928 1481 1034 1564 Atque
1068 1479 1129 1546 hoo
1162 1499 1288 1563 quoque

143 1587 213 1652 iure
237 1606 446 1669 quaeremus,
473 1607 529 1653 eur
552 1583 718 1669 τοῦνομα,
752 1586 782 1652 si
803 1586 877 1652 huie
900 1585 1022 1651 nomini
1043 1585 1171 1670 proprio
1194 1583 1288 1650 addi-

145 1696 213 1756 tum
228 1696 289 1774 est,
308 1712 341 1775 p.
361 1693 438 1756 4580
457 1689 490 1755 in
507 1689 628 1774 Gorgia
642 1689 837 1756 nominando
853 1689 1004 1755 omissum
1020 1688 1071 1754 sit.
1119 1687 1163 1753 Ut
1179 1687 1287 1754 brevis

146 1793 218 1876 sim,
245 1799 347 1859 totum
369 1794 474 1858 looum
496 1793 638 1878 graviter
660 1798 842 1878 corruptum
864 1813 937 1860 esre
956 1792 1193 1858 demonstrasse
1208 1790 1288 1856 mihi

145 1895 270 1976 videor;
290 1916 385 1979 quem
398 1895 426 1962 si
439 1916 556 1962 sanare
564 1896 655 1978 velis,
671 1895 769 1962 altius
782 1895 958 1978 fortiusque
971 1893 1156 1961 secandum.
1182 1893 1289 1959 Unum

145 2001 280 2065 verbum
301 1999 529 2084 interpolatum
551 1999 762 2065 Ambrosiano
784 2004 913 2065 auctore
940 1998 1144 2081 sustulimus,
1181 2003 1290 2064 oetera

145 2103 191 2168 ita
212 2101 418 2168 emendanda
439 2122 572 2168 censeo:
599 2124 631 2188 p.
651 2105 758 2168 458uss
781 2096 895 2189 ἥψατο
919 2101 955 2166 δὲ
970 2102 1028 2166 καὶ
1043 2108 1110 2168 τῶν
1124 2094 1290 2188 Ἀθίνησι

145 2203 298 2292 ῥητόρων
319 2200 339 2292 ἡ
363 2203 521 2293 ποιητική
545 2230 581 2271 τε
603 2207 661 2270 καὶ
682 2204 825 2293 τροπικὴ
842 2201 977 2292 φράσις,
1005 2198 1049 2281 ὡς
1064 2205 1127 2287 μὲν
1145 2201 1289 2287 Τίμαιός

140 2328 237 2396 φησι,
268 2312 415 2395 Γοργίου
438 2305 603 2396 ἄρξαντος
628 2359 635 2374 .
657 2359 664 2373 .
684 2359 691 2374 .
715 2359 721 2372 .
748 2303 851 2386 ὡςδὲ
875 2303 1024 2395 τάληθὲς
1047 2307 1125 2391 ἐ’χει,
1163 2305 1192 2391 [ὃ
1216 2307 1283 2390 καὶ]

144 2413 353 2498 παλαίτερον
375 2411 425 2477 ἔτι
451 2412 718 2500 [θαυμαζομένη]
741 2411 949 2499 Θουκυδίδης
974 2407 1144 2497 [τοῦνομα]
1165 2411 1287 2493 δαιμο-

142 2511 305 2591 νιώτατος
327 2521 394 2582 τῶν
416 2519 641 2602 συγγραφέων
666 2566 672 2579 .
695 2565 730 2580 ..
758 2513 794 2582 ἐν
816 2515 957 2592 πολλοῖς
981 2512 1139 2603 ἐξήλλαξε
1155 2513 1217 2602 τὴν
1232 2513 1288 2601 ἑρ-
1324 2531 1327 2540 ’

144 2621 242 2704 μηνεί
243 2641 288 2684 αν
310 2618 380 2682 κτλ.

231 2721 352 2806 Causa,
378 2721 412 2787 ni
434 2722 539 2805 fallor,
565 2721 819 2807 interpolationis
841 2721 988 2806 inaruit,
1015 2721 1102 2804 quod
1124 2721 1289 2788 παλαίτε-

146 2848 206 2911 ρον
229 2824 281 2890 ε’τι
301 2825 336 2890 in
359 2824 626 2912 παλαίτερον
591 2829 659 2890 urai
681 2849 714 2890 τι
735 2825 870 2900 abierat.
1330 2821 1331 2824 '

231 2949 265 3013 p.
288 2931 396 2994 dddsss
425 2925 616 3014 Κράτιστος
644 2927 707 3015 γὰρ
737 2927 776 3016 δὴ
806 2925 947 2995 πάντων
976 2925 1155 3049 ἐγένετο(
1136 2880 1289 3054 ρητόρων

148 3028 252 3116 φύσιν
276 3025 473 3117 ἄνθρωπον
494 3053 727 3098 κατοπτευσαι
748 3032 805 3096 καὶ
830 3027 873 3096 τὰ
894 3029 1111 3118 προσήκοντα
1134 3027 1289 3108 ἑκάστοις

147 3128 340 3202 ἀποδοῦναι
361 3124 460 3222 πάδη
484 3159 520 3200 τε
543 3135 601 3200 καὶ
622 3130 692 3223 ἤδη
717 3159 773 3200 και
797 3133 890 3221 ε’ργα.
930 3128 1052 3200 Ἀποδί
1040 3133 1141 3217 ίλδωμ
1150 3158 1205 3200 ’τε
1228 3158 1290 3202 ουν

147 3231 236 3322 αὐτῷ
266 3238 324 3302 καὶ
354 3234 415 3325 τὴν
445 3231 724 3326 εὐπρεπεστάτην
750 3233 882 3326 ἀρετὴν,
914 3238 1127 3325 καλουμένην
1153 3237 1190 3304 δὲ
1218 3231 1288 3304 ὑπὸ

147 3341 284 3408 πολλῶν
305 3335 507 3428 ἠθοποιίαν.
549 3342 742 3426 Copulativa
764 3341 923 3426 particula
938 3365 974 3408 τε
989 3341 1213 3412 oonseoutivae
1229 3331 1290 3407 οὖν

145 3443 253 3510 iuncta
269 3464 340 3509 oum
356 3445 517 3510 sententia
531 3451 665 3530 pugnat.
703 3443 878 3530 Dionysius
894 3443 979 3512 enim
994 3443 1076 3513 haee
1091 3444 1175 3511 vult:
1203 3444 1290 3528 „Ly-

147 3547 227 3612 siam
251 3547 388 3612 affeotus
411 3567 514 3613 mores
536 3547 680 3614 facinora
703 3547 924 3614 convenientia
952 3546 1122 3632 uniouique
1149 3547 1289 3614 tribuere

146 3649 221 3714 dixi,
272 3652 403 3716 Praeter
426 3657 533 3720 uetera
553 3650 652 3734 igitur
666 3651 762 3717 etiam
785 3648 845 3738 τὴν
867 3645 1059 3738 ἠθοποιίαν
1079 3650 1127 3716 illi
1150 3651 1287 3716 tribuo.“

145 3748 471 3830 Quare‘soribendum
486 3761 564 3839 puto
582 3748 777 3837 ἀποδίδωμί
799 3776 843 3839 γε
867 3742 942 3820 οὖν
960 3754 1030 3819 κτλ.
1068 3753 1189 3820 Similis
1202 3774 1289 3822 error

145 3856 374 3940 particularum
396 3878 433 3940 γε
455 3862 487 3948 et
507 3879 542 3921 τε
558 3856 765 3924 eoniusarum
780 3856 915 3924 ooeurrit
937 3878 970 3942 p.
990 3860 1098 3941 11093,
1123 3850 1179 3923 ubi
1193 3859 1288 3942 volgo

145 3959 328 4026 exhibetur:
361 3959 454 4043 (vers.
469 3960 491 4043 a)
512 3966 611 4025 τοῦτο
627 3959 691 4043 μὲν
706 3957 746 4047 δη
759 3967 895 4045 πρῶτον
912 3958 1029 4043 οἴομαι
1043 3959 1116 4027 δεῖν
1131 3972 1283 4026 σκοπεῖν·

146 4059 312 4152 ἐπιστήμη
334 4085 371 4146 γε
394 4063 452 4128 καὶ
474 4060 559 4128 ider.
607 4063 751 4149 Respicit
774 4070 884 4130 auotor
905 4063 949 4131 ad
975 4064 1075 4130 verba
1096 4068 1288 4150 p.110712ss

146 4163 221 4242 τοὺς
242 4167 472 4248 βουλομένους
494 4163 555 4253 την
578 4164 742 4234 σύνθεσιν
765 4161 910 4254 ἀκριβῶς
933 4165 1061 4234 εἰδέναι
1085 4165 1146 4254 τὴν
1167 4169 1285 4254 Δημο-

146 4272 290 4344 σθένους
311 4271 368 4352 (so.
387 4262 566 4351 ἀξιῶσαιμ’
586 4263 638 4354 ἂν)
658 4267 693 4334 ἐκ
709 4269 846 4336 πολλῶν
861 4263 967 4356 αὐτὴν
983 4265 1178 4352 δοκιμάζειν
1193 4267 1286 4334 ἰδιω-
