3182 5136
567 433 610 441 -
658 399 740 480 [soc]
789 434 832 444 -
1204 404 1266 465 εει

133 580 218 646 facta
241 582 321 660 sint;
348 581 390 648 ef.
408 603 440 672 p.
461 585 566 648 9831ss
589 591 731 651 τοιαῦτα
753 585 816 668 μὲν
837 583 877 673 δή
902 584 977 652 τινά
1001 586 1101 670 ἐστιν,
1129 585 1150 652 ἃ
1173 587 1267 674 παρὰ

133 681 190 749 τὸν
217 679 389 772 ὑψηλὸν
421 687 478 751 καὶ
512 682 839 772 ἐγκατάσκευον
862 689 920 754 καὶ
950 687 1269 778 ἐξηλλαγμένον

134 795 192 853 τοῦ
216 786 388 876 συνήθους
409 797 604 877 χαρακτῆρα
629 841 636 856 .
659 842 693 857 ..
721 785 738 856 ὁ
762 797 989 880 Δημοσθένης
1012 793 1265 862 κατεσκεύακεν.

132 893 198 956 Iam
222 913 299 958 vero
322 894 472 976 quoniam
492 895 594 960 ultera
610 903 701 980 parte
717 896 758 962 de
775 897 863 963 tenni
885 896 1007 982 (ἰσχνῴ)
1027 919 1146 983 genere
1161 899 1266 966 actum

130 1003 187 1075 est,
216 1003 291 1062 ente
314 1017 424 1064 vocem
445 1005 656 1086 χαρακτῆρος
679 999 856 1083 genitivum
879 999 996 1082 ἰσχνοῦ
1024 1002 1146 1067 librarii
1172 1005 1265 1088 culpa

128 1099 331 1166 intercidisse
354 1101 507 1186 suspicor.
555 1103 718 1168 Lacunam
740 1123 834 1188 porro
850 1124 868 1170 e
884 1103 1033 1189 Dionysii
1048 1125 1134 1171 more
1149 1106 1195 1171 ita
1210 1125 1268 1172 en-

128 1203 300 1286 pleverim:
327 1197 411 1269 ὥστε
434 1205 515 1288 περὶ
529 1205 592 1287 μέν
607 1211 667 1271 τοῦ
682 1203 865 1294 (ἰσχνοῦ)
883 1213 1094 1295 χαρακτῆρος
1117 1207 1266 1296 (ταῦτα

129 1303 282 1394 ἱκανά),
310 1308 351 1373 cl.
376 1330 408 1392 p.
432 1312 534 1374 187111
564 1309 724 1393 καὶπερὶ
746 1309 809 1391 μὲν
831 1317 897 1376 τῶν
918 1308 1140 1399 χαρακτήρων
1161 1320 1266 1378 ταῦτα

130 1407 241 1476 ἱκανά.
290 1411 354 1476 Sed
376 1418 476 1477 totam
498 1411 582 1480 hanc
607 1412 821 1478 coniecturam
851 1414 951 1479 verba
980 1435 1064 1498 quae
1092 1424 1293 1498 sequuntur.

129 1520 188 1578 τοῦ
212 1513 249 1578 δέ
273 1513 452 1600 ῥητορικοῦ
474 1519 591 1599 γένους
613 1521 673 1580 τοῦ
690 1513 817 1596 μεταξὺ
839 1522 906 1581 τῶν
928 1511 1040 1602 ἄκρων
1064 1516 1267 1604 ἑκατέρου

126 1616 249 1697 irritam
272 1617 422 1682 videntur
443 1617 589 1684 reddere.
632 1619 704 1684 Duo
726 1639 842 1703 nempe
865 1619 1086 1703 significantur
1100 1622 1265 1688 characte-

126 1740 187 1797 res,
212 1740 285 1784 cum
301 1741 399 1786 unum
414 1727 538 1786 tantum
553 1722 734 1788 coniectura
750 1722 962 1789 elicuerimus.
996 1725 1185 1790 Accuratius
1200 1725 1263 1809 igi-

126 1830 175 1887 tur
200 1822 240 1888 de
263 1823 371 1889 verbis
394 1823 513 1890 τοῦδέ
536 1861 574 1873 -
601 1823 760 1910 ἑκατέρου
782 1824 966 1891 videndum.
1017 1823 1063 1891 Τὸ
1088 1825 1266 1913 ῥητορικὸν

125 1931 221 2011 γένος
245 1922 284 1992 τὸ
307 1923 433 2009 μεταξὺ
455 1933 520 1993 τῶν
543 1921 655 2014 ἄκρων
677 1929 765 1994 clare
791 1929 1021 2013 perspicueque
1051 1929 1191 1996 medium
1213 1931 1263 1997 di-

126 2029 218 2094 cendi
241 2049 346 2113 genus
369 2037 428 2096 est.
479 2029 525 2095 Tri
550 2027 727 2117 ῥητορικὸν
749 2035 845 2116 χένος
867 2028 904 2096 τὸ
928 2029 1054 2114 μεταξὺ
1070 2039 1136 2098 τῶν
1152 2027 1264 2118 ἄκρων

127 2129 290 2217 ἑκατέρου
312 2132 388 2214 quid
411 2133 469 2215 sit,
496 2153 556 2217 ego
579 2133 708 2216 quidem
737 2133 856 2199 nescio.
904 2133 1075 2200 Genitivus
1105 2134 1265 2222 ἑκατέρου
1297 2179 1303 2188 ·

126 2235 250 2302 duobus
274 2235 402 2301 omnino
423 2236 527 2302 modis
550 2236 692 2302 construi
713 2243 832 2320 potest;
858 2244 915 2302 aut
935 2238 1020 2303 enim
1035 2238 1078 2304 ad
1094 2239 1262 2305 sublimem

125 2345 154 2402 et
182 2345 316 2404 tenuem
346 2338 561 2405 characterem
590 2339 672 2404 redit
700 2339 881 2424 pendetque
910 2361 929 2406 e
957 2361 1036 2408 voce
1068 2337 1181 2428 ἄκρων
1209 2350 1264 2408 aut

124 2442 243 2526 pendet
258 2463 300 2507 ex
314 2442 550 2526 praepositione
565 2440 692 2524 μεταξύ
706 2443 851 2526 regitque
866 2444 1042 2528 genitivum
1059 2452 1125 2512 τῶν
1137 2441 1260 2532 ἄκρων.

123 2541 266 2612 Priorem
291 2546 556 2611 constructionem
580 2546 607 2612 si
629 2566 737 2612 veram
762 2565 834 2612 esse
861 2547 1026 2630 sumimus,
1053 2570 1182 2634 prorsus
1205 2551 1264 2616 ab·

125 2648 223 2714 surda
256 2649 407 2714 statuitur
440 2649 615 2715 sententia:
652 2650 842 2715 rhetoricum
873 2670 976 2735 genus
1006 2652 1091 2718 inter
1121 2660 1263 2718 extrema
1326 2638 1329 2644 ¹

123 2751 264 2835 positum
281 2751 456 2834 utriusque,
482 2753 505 2816 i.
523 2771 553 2817 e.
572 2757 604 2818 et
619 2752 765 2818 sublimis
788 2760 820 2818 et
842 2753 959 2820 tenuis.
999 2755 1142 2820 Alteram
1159 2763 1263 2822 struc-

124 2861 229 2920 tura-m
252 2855 422 2937 quominus
445 2856 684 2939 amplectamur,
718 2877 790 2922 cnm
818 2847 986 2924 verbdrum
1014 2859 1179 2924 collocatio
1201 2859 1263 2924 im-

124 2959 213 3043 pedit
228 2966 296 3024 tum
313 2957 412 3038 ratio;
438 2959 644 3042 nequeenim
667 2956 824 3041 μεταξὺ
847 2958 1050 3046 ἑκατέρου
1068 2968 1134 3028 τῶν
1149 2956 1262 3047 ι’έκριον

124 3069 207 3127 recte
242 3061 306 3126 dici
339 3067 454 3146 potest.
509 3063 621 3145 Itaque
656 3082 727 3127 cum
760 3083 823 3128 vox
857 3061 1017 3149 ἑκατέρου
1049 3064 1083 3129 in
1116 3072 1260 3130 neutram

125 3165 392 3231 constructionem
425 3164 576 3248 quadret,
618 3173 709 3231 extra
741 3167 838 3232 totius
872 3168 1029 3233 enuntiati
1070 3175 1260 3234 structuram

124 3269 229 3352 posita
251 3269 336 3333 ultro
359 3287 377 3333 e
399 3267 547 3352 Dionysii
569 3269 676 3334 verbis
699 3268 828 3334 excidit.
876 3269 979 3336 Simul
1006 3271 1158 3354 probatur
1183 3292 1260 3337 eon-

123 3371 277 3440 iecturam
301 3391 395 3454 quam
418 3371 608 3456 protulimus
632 3371 746 3437 falsam
776 3393 838 3438 non
863 3393 952 3452 esse;
987 3395 1062 3439 num
1084 3375 1260 3459 probabilis

124 3474 176 3557 sit,
204 3475 258 3539 alii
275 3473 506 3538 diiudioubunt.
547 3474 663 3556 Utique
678 3495 753 3540 vero
775 3495 833 3560 pro
855 3475 960 3540 verbis
984 3473 1024 3541 ὂν
1046 3469 1145 3563 ἀτελῆ
1168 3478 1260 3560 legas

124 3585 247 3661 oportet
269 3583 384 3643 neutra
406 3575 424 3641 ὃ
450 3571 574 3660 ἀτελὲς,
600 3584 635 3642 ut
657 3578 699 3644 ad
720 3599 830 3644 vocem
854 3583 949 3662 γένος
972 3579 1116 3645 redeant.
1289 3585 1291 3592 '

208 3702 239 3765 p.
259 3683 380 3745 99811ss
407 3674 491 3746 Οὔτε
514 3677 556 3744 τὰ
581 3681 802 3746 Θουκυδίδεια
819 3679 929 3746 έκεῑνα
945 3678 987 3744 τὰ
997 3683 1017 3766 ¹)
1045 3681 1188 3768 περιττὰ
1203 3687 1260 3748 καὶ

124 3779 351 3869 ἐξηλλαγμένα
375 3790 435 3848 τοῦ
457 3780 628 3870 συνήθους
651 3781 812 3868 κράτιστα
834 3778 980 3870 ήχοῦμοιι
1004 3778 1075 3849 οὔτ’
1096 3783 1166 3850 tut
1189 3800 1259 3864 τοῖς

123 3893 313 3962 Λυσιακοῖς
335 3898 406 3962 τοῖς
429 3885 557 3968 ἰσχνοῖς
579 3887 636 3950 καὶ
659 3891 950 3969 συνεσπασμένοις
972 3884 1033 3975 τήν
1055 3889 1186 3954 τελείαν
1201 3898 1259 3976 τῆς

122 3988 242 4066 λέξεως
258 3983 380 4075 ἀρετήν
395 3993 544 4071 τίθεμαι.
585 3990 636 4054 Ex
651 3990 768 4056 Graeci
792 3991 947 4056 sermonis
962 4012 1050 4058 more
1073 3994 1194 4059 scribas
1218 3992 1260 4058 έν

125 4103 198 4166 τοῖς
217 4099 407 4168 Λυσιακοῖς
432 4140 438 4154 .
460 4143 494 4156 ..
529 4088 678 4180 τήν...
714 4088 835 4180 ἀρετήν
862 4098 1019 4177 utiquam
1054 4096 1095 4161 of.
1128 4118 1161 4180 p.
1181 4101 1257 4160 5412

125 4231 329 4242 *-

197 4317 211 4377 1]
231 4312 263 4366 cic
281 4315 345 4370 edd.
365 4316 463 4371 Reisk.
