3182 5136
316 381 376 442 164
747 413 792 422 -
839 377 923 459 [aas]
969 413 1013 422 -

313 570 402 649 μίων
429 564 624 647 οἰχομένας,
651 564 814 647 λαβόντες
842 561 922 641 τούς
951 589 993 629 τε
1016 569 1234 652 Μεσσηνίους
1245 570 1264 647 1)
1300 565 1365 651 έςῖ)
1392 565 1449 654 την

314 666 417 734 πόλιν
439 663 565 755 ἤγαγον
587 666 756 755 πρότερον
778 667 841 746 ἐξω
862 663 964 744 ὄντας
979 669 1035 732 καὶ
1051 665 1111 744 τὰς
1125 675 1209 744 ναύς
1224 671 1449 755 περιπλεῦσαι

313 769 539 852 κελεύσαντες,
568 757 607 847 ἃς
631 769 833 858 ἐπλήρωσαν
856 770 890 847 ἐς
904 769 966 836 τόν
978 765 1157 837 Ὑλλαίκὸν
1172 773 1301 854 λιμένα,
1330 771 1367 839 ἐν
1382 768 1448 858 dorp

313 871 607 960 περιεκομίζοντο,
638 881 703 939 τῶν
730 873 864 960 ἐχθρῶν
893 873 925 938 εἲ
952 898 1027 939 τινα
1057 871 1204 958 λάβοιεν,
1237 870 1445 942 ἀπέκτεινον.

313 977 496 1060 Kruegerus
534 977 736 1062 participium
774 974 936 1058 λαβόντες
973 983 1104 1062 propter
1140 979 1381 1044 collocationem
1416 980 1447 1044 iu

313 1080 525 1165 suspicionem
555 1087 665 1158 vocat,
701 1081 892 1161 Classenns,
928 1081 1012 1163 quod
1041 1101 1081 1146 ne
1112 1082 1290 1147 sententiae
1322 1082 1446 1164 quidem

313 1191 424 1267 aptum
446 1183 497 1264 sit,
525 1183 615 1249 uncis
638 1183 786 1248 secludit.
826 1183 970 1248 Stahlius
993 1184 1025 1248 in
1048 1185 1251 1250 Fleckeiseni
1271 1207 1346 1250 ann.
1368 1189 1446 1249 1868

313 1309 346 1372 p.
362 1291 418 1350 111
441 1287 585 1352 codicum
609 1288 777 1352 lectionem
800 1306 911 1351 sanam
934 1287 1065 1368 iudicat,
1092 1289 1143 1352 cui
1164 1288 1198 1352 in
1221 1310 1259 1355 eo
1282 1296 1369 1355 certe
1390 1290 1447 1354 ad-

313 1390 444 1470 sentior,
477 1389 561 1471 quod
590 1389 794 1473 participium
827 1387 989 1470 λαβόντες
1018 1391 1193 1473 genuinum
1223 1411 1295 1457 esse
1326 1393 1443 1458 statuit.

313 1492 379 1557 Sed
400 1491 607 1556 nihilominus
629 1499 788 1556 structura
809 1492 890 1556 mira
914 1499 979 1569 est;
1007 1492 1133 1558 offendo
1157 1493 1242 1558 enim
1257 1501 1400 1559 nontam
1415 1495 1446 1558 in

313 1595 479 1679 participio
502 1592 664 1677 λαβόντες
687 1615 782 1677 quam
804 1595 837 1658 in
860 1595 1019 1678 particula
1041 1618 1101 1677 τε,
1128 1616 1222 1678 quam
1239 1596 1267 1661 si
1284 1617 1355 1662 cum
1371 1597 1446 1660 hm-

314 1699 462 1764 hrosiano
485 1701 576 1763 883ιι
599 1699 832 1780 sustulerimus,
858 1699 957 1782 plana
978 1698 1130 1782 procedet
1152 1687 1264 1765 oratio.

400 1823 431 1883 3.
456 1819 558 1884 Thuu.
576 1820 694 1906 1111823
716 1841 749 1903 p.
768 1821 1033 1900 21632=8851r‚
1062 1822 1148 1899 8866,
1165 1843 1188 1901 ε,
1206 1844 1245 1900 ro;
1273 1824 1362 1886 9531.

414 1938 562 2022 Dionysii
585 1940 750 2022 exemplar
1023 1938 1223 2023 Thucydidis
1246 1941 1330 2004 libri.

315 2039 493 2118 ἐστασίαζέ
507 2043 570 2120 cai)
588 2030 648 2106 οὖν
659 2040 701 2105 τὰ
712 2047 778 2106 τῶν
789 2039 855 2104 πό-
907 2040 1086 2120 ἐστασίαζέ
1108 2066 1143 2106 τε
1167 2031 1228 2109 οὖν
1245 2039 1287 2106 τὰ
1303 2049 1369 2108 τῶν
1383 2041 1445 2107 πό-

314 2144 400 2208 λεων
422 2144 479 2206 καὶ
497 2141 539 2206 τὰ
555 2141 849 2230 ἐφοστερίζοντόί)
907 2145 993 2210 λεων
1021 2145 1078 2207 καὶ
1111 2142 1153 2226 τός
1186 2144 1446 2232 ἐφυστερίζοντά

315 2269 384 2311 πον
403 2244 666 2330 ἐπιπύστειῧ)
688 2253 754 2312 τῶν
769 2269 856 2331 προ-
907 2270 978 2312 πού
995 2245 1142 2312 πύστει
1160 2255 1227 2314 τῶν
1241 2254 1444 2335 προγενομέ-

314 2353 528 2434 γενομένωνθ)
539 2347 629 2415 πολὺ
638 2349 783 2435 ἐπέφερε
797 2346 856 2436 τὴν
906 2374 976 2415 νων
997 2348 1087 2415 πολὺ
1107 2349 1253 2438 ἐπέφερε
1270 2350 1330 2439 τὴν
1344 2347 1445 2438 ύπερ-

314 2447 558 2539 ύπερβολὴνές
573 2451 856 2536 τόκαινούσθαιῑ)
907 2451 1012 2540 βολὴν
1042 2460 1114 2518 τού
1150 2461 1358 2520 καινοῦσθαι
1390 2453 1445 2530 τὰς

315 2552 375 2632 τὰς
390 2555 554 2633 όιανοίας.
908 2556 1072 2632 διανοίας.

400 2677 597 2761 Thucydidis
628 2676 725 2740 libros
749 2697 766 2741 ε
789 2676 946 2761 Dionysio
976 2677 1181 2760 corrigendos
1210 2699 1282 2743 osse
1306 2680 1445 2745 Stahlins

313 2781 472 2845 intellexit
507 2780 618 2865 (praef.
650 2780 665 2842 I
694 2801 727 2863 p.
754 2779 888 2862 XLIII).
935 2777 1040 2862 Atque
1068 2781 1204 2864 primum
1233 2782 1364 2864 quidem
1393 2805 1445 2867 pro

314 2881 435 2948 πύστει
450 2885 628 2949 rectissime
644 2883 733 2948 dedit
749 2880 939 2962 ἐπιπύστει,
966 2883 1050 2948 idem
1066 2884 1217 2949 innuente
1234 2886 1444 2952 Londinensis

313 2989 448 3054 lectione
472 2981 676 3052 ἀποπύστει.
724 2986 850 3051 Deinde
873 3007 930 3070 pro
953 2987 1064 3051 aoristi
1086 2988 1256 3072 participio
1283 3012 1444 3075 προγενο-

313 3097 425 3173 μένων
453 3097 581 3175 propter
604 3097 670 3155 των
692 3093 991 3176 προγεγενημένων
1014 3093 1104 3155 886ω
1128 3097 1160 3156 et
1182 3089 1223 3154 τὰ
1245 3099 1444 3180 γεγενημένα

314 3198 404 3258 88613
428 3193 561 3276 perfecti
584 3193 727 3256 exhibuit
750 3197 1060 3279 προγεγενημένων.
1108 3193 1172 3258 Sed
1194 3215 1250 3258 cur
1275 3197 1316 3260 ab
1339 3197 1445 3261 aoristi

313 3297 480 3380 participio
502 3296 697 3376 recedamus,
724 3317 787 3359 non
811 3297 915 3376 video,
942 3318 1013 3360 cum
1032 3298 1221 3380 praesertim
1238 3301 1445 3384 exemplaret

313 3399 511 3484 Thucydidis
541 3398 665 3463 codices
695 3399 728 3462 in
759 3419 796 3466 eo
826 3399 1021 3483 conspirent.
1072 3401 1154 3464 Tum
1188 3401 1289 3466 edidit
1320 3399 1445 3489 πολλὴν

315 3503 460 3589 ἐπέφερε
483 3499 543 3589 τὴν
564 3495 767 3588 ὑπερβολήν,
794 3502 942 3585 quoniam
966 3502 1143 3568 Reiskiana
1166 3502 1297 3590 πολλήν
1319 3507 1369 3570 bis
1391 3527 1445 3570 cx·

313 3607 402 3670 hibet
425 3609 512 3687 8862,
530 3630 566 3685 ιι,
592 3613 702 3672 contra
725 3599 815 3670 πόλύ
837 3627 900 3670 uno
923 3613 1045 3671 tantum
1068 3607 1138 3672 loco
1161 3611 1249 3671 9532.
1290 3609 1355 3674 Sed
1370 3611 1444 3674 Am-

313 3710 480 3774 brosianus
503 3710 603 3774 tribus
630 3710 693 3774 illis
723 3710 801 3774 locis
832 3717 979 3774 neutrum
1010 3708 1099 3775 πολύ
1128 3711 1290 3794 agnoscit,
1324 3733 1386 3795 quo
1413 3713 1444 3776 in

384 3951 401 4014 ¹)
421 3926 574 4019 μεσσηνίοος
591 3951 618 4004 Μ
648 3953 658 4016 ΙΙ
693 3950 711 4016 2)
733 3947 773 4007 εἷς
791 3950 817 4002 Μ
847 3953 858 4017 1)
887 3949 965 4014 3)ὀί.
986 3968 1050 4019 pag.
1069 3953 1115 4002 155
1145 3954 1156 4016 Ι)
1185 3952 1205 4015 ⁴)
1226 3946 1444 4023 ἐφυστερηζοντό

316 4041 340 4100 (ο
360 4040 473 4098 66011.)
496 4036 522 4088 M
542 4037 604 4086 8861
629 4032 851 4108 ἀφυστερίζοντά
877 4038 941 4086 9531
986 4039 996 4101 ΙΙ
1043 4039 1061 4102 5)
1089 4035 1136 4089 ἐπὶ
1160 4033 1258 4089 πύστει
1277 4038 1304 4090 Μ
1323 4041 1400 4102 8862,
1417 4049 1442 4087 to

314 4118 411 4174 πύστει
429 4123 509 4185 95323
531 4121 566 4176 of.
580 4125 662 4174 88613
683 4117 946 4191 ἐπιπυνθανόμενοι
968 4125 979 4188 Ι)
1000 4123 1020 4186 6)
1042 4123 1294 4195 προγεγενημένων
1307 4125 1334 4176 Μ
1348 4127 1440 4186 88610,

312 4207 348 4260 uf.
370 4211 452 4260 88613
472 4207 647 4277 γεγενημένα
676 4209 687 4274 Ι)
717 4209 735 4271 7)
757 4209 806 4258 τοῦ
826 4209 998 4259 καινοῦσθαι
1017 4209 1043 4260 Μ
1063 4209 1144 4271 suoru
1174 4207 1277 4261 sedai.
1299 4210 1380 4260 88614
1400 4206 1440 4260 ἐπὶ

313 4291 343 4345 τὸ
364 4293 543 4345 διανοεῖσθαί
561 4312 586 4344 ἰι
604 4291 768 4364 καινότερον
788 4296 853 4343 odiu
873 4290 912 4347 είς
930 4289 961 4341 τό
981 4293 1161 4345 διανοεῖσθαί
1179 4314 1204 4346 τι
1222 4291 1393 4367 καινότερον.
