<?xml version="1.0" encoding="UTF-8"?>
<!DOCTYPE html PUBLIC "-//W3C//DTD XHTML 1.0 Transitional//EN"
    "http://www.w3.org/TR/xhtml1/DTD/xhtml1-transitional.dtd">
<html xmlns="http://www.w3.org/1999/xhtml" xml:lang="en" lang="en">
 <head>
  <title>
</title>
<meta http-equiv="Content-Type" content="text/html;charset=utf-8" />
  <meta name='ocr-system' content='tesseract 3.04.00' />
  <meta name='ocr-capabilities' content='ocr_page ocr_carea ocr_par ocr_line ocrx_word'/>
</head>
<body>
  <div class='ocr_page' id='page_1' title='image "./dedionysiihalic00sadgoog_0180.png"; bbox 0 0 3182 5136; ppageno 0'>
   <div class='ocr_carea' id='block_1_1' title="bbox 564 403 1264 487">
    <p class='ocr_par' dir='ltr' id='par_1_1' title="bbox 564 403 1264 487">
     <span class='ocr_line' id='line_1_1' title="bbox 564 403 1264 487; baseline 0.001 -21"><span class='ocrx_word' id='word_1_1' title='bbox 564 403 827 487; x_wconf 46' lang='grc'><strong>-11001,</strong></span> <span class='ocrx_word' id='word_1_2' title='bbox 1011 427 1015 442; x_wconf 82' lang='lat'><em>-</em></span> <span class='ocrx_word' id='word_1_3' title='bbox 1205 407 1264 467; x_wconf 79' lang='lat'><strong>175</strong></span> 
     </span>
    </p>
   </div>
   <div class='ocr_carea' id='block_1_2' title="bbox 125 594 1268 1094">
    <p class='ocr_par' dir='ltr' id='par_1_2' title="bbox 125 594 1268 1094">
     <span class='ocr_line' id='line_1_2' title="bbox 126 594 1268 679; baseline 0 -20"><span class='ocrx_word' id='word_1_4' title='bbox 126 594 239 679; x_wconf 85' lang='lat' dir='ltr'><strong>nysius</strong></span> <span class='ocrx_word' id='word_1_5' title='bbox 263 601 422 676; x_wconf 81' lang='lat' dir='ltr'>aetatem,</span> <span class='ocrx_word' id='word_1_6' title='bbox 448 615 512 677; x_wconf 90' lang='lat' dir='ltr'><strong>qua</strong></span> <span class='ocrx_word' id='word_1_7' title='bbox 533 594 603 678; x_wconf 86' lang='lat' dir='ltr'><strong>ipse</strong></span> <span class='ocrx_word' id='word_1_8' title='bbox 626 599 704 676; x_wconf 85' lang='lat' dir='ltr'>erat,</span> <span class='ocrx_word' id='word_1_9' title='bbox 731 595 879 660; x_wconf 84' lang='lat' dir='ltr'>maximis</span> <span class='ocrx_word' id='word_1_10' title='bbox 902 594 1052 660; x_wconf 85' lang='lat' dir='ltr'>laudibus</span> <span class='ocrx_word' id='word_1_11' title='bbox 1076 595 1176 660; x_wconf 85' lang='lat' dir='ltr'><strong>effert.</strong></span> <span class='ocrx_word' id='word_1_12' title='bbox 1225 597 1268 659; x_wconf 89' lang='lat' dir='ltr'><strong>At</strong></span> 
     </span>
     <span class='ocr_line' id='line_1_3' title="bbox 126 697 1264 781; baseline 0 -19"><span class='ocrx_word' id='word_1_13' title='bbox 126 719 198 763; x_wconf 91' lang='lat' dir='ltr'><strong>oum</strong></span> <span class='ocrx_word' id='word_1_14' title='bbox 221 698 283 763; x_wconf 89' lang='lat' dir='ltr'><strong>hoo</strong></span> <span class='ocrx_word' id='word_1_15' title='bbox 310 698 518 781; x_wconf 83' lang='lat' dir='ltr'><strong>praefationis</strong></span> <span class='ocrx_word' id='word_1_16' title='bbox 547 697 680 763; x_wconf 86' lang='lat' dir='ltr'><strong>oonsilio</strong></span> <span class='ocrx_word' id='word_1_17' title='bbox 710 697 812 781; x_wconf 90' lang='lat' dir='ltr'>prima</span> <span class='ocrx_word' id='word_1_18' title='bbox 841 697 949 763; x_wconf 88' lang='lat' dir='ltr'><strong>statim</strong></span> <span class='ocrx_word' id='word_1_19' title='bbox 972 699 1072 764; x_wconf 84' lang='lat' dir='ltr'>verba</span> <span class='ocrx_word' id='word_1_20' title='bbox 1100 705 1264 781; x_wconf 79' lang='lat' dir='ltr'><strong>pugnant:</strong></span> 
     </span>
     <span class='ocr_line' id='line_1_4' title="bbox 129 799 1267 884; baseline -0.001 -19"><span class='ocrx_word' id='word_1_21' title='bbox 129 801 324 880; x_wconf 86' lang='lat' dir='ltr'>„maximam</span> <span class='ocrx_word' id='word_1_22' title='bbox 354 801 491 884; x_wconf 78' lang='lat' dir='ltr'>gratiam</span> <span class='ocrx_word' id='word_1_23' title='bbox 522 800 596 865; x_wconf 91' lang='lat' dir='ltr'><strong>huio</strong></span> <span class='ocrx_word' id='word_1_24' title='bbox 624 800 722 865; x_wconf 86' lang='lat' dir='ltr'>aetati</span> <span class='ocrx_word' id='word_1_25' title='bbox 752 800 871 866; x_wconf 85' lang='lat' dir='ltr'>habore</span> <span class='ocrx_word' id='word_1_26' title='bbox 898 799 1016 866; x_wconf 90' lang='lat' dir='ltr'><strong>iustum</strong></span> <span class='ocrx_word' id='word_1_27' title='bbox 1044 799 1141 880; x_wconf 81' lang='lat' dir='ltr'><strong>suit“;</strong></span> <span class='ocrx_word' id='word_1_28' title='bbox 1174 801 1267 884; x_wconf 86' lang='lat' dir='ltr'>quasi</span> 
     </span>
     <span class='ocr_line' id='line_1_5' title="bbox 125 903 1267 989; baseline -0.001 -19"><span class='ocrx_word' id='word_1_29' title='bbox 125 926 202 970; x_wconf 86' lang='grc'><strong>1010</strong></span> <span class='ocrx_word' id='word_1_30' title='bbox 225 906 347 969; x_wconf 87' lang='lat' dir='ltr'><strong>iustum</strong></span> <span class='ocrx_word' id='word_1_31' title='bbox 369 925 442 970; x_wconf 89' lang='grc'><strong>0000</strong></span> <span class='ocrx_word' id='word_1_32' title='bbox 464 905 529 968; x_wconf 91' lang='lat' dir='ltr'>iam</span> <span class='ocrx_word' id='word_1_33' title='bbox 552 903 694 969; x_wconf 77' lang='lat' dir='ltr'><strong>desierit.</strong></span> <span class='ocrx_word' id='word_1_34' title='bbox 742 903 943 986; x_wconf 79' lang='lat' dir='ltr'>Quamquam</span> <span class='ocrx_word' id='word_1_35' title='bbox 964 904 1138 988; x_wconf 88' lang='lat' dir='ltr'><strong>Dionysius</strong></span> <span class='ocrx_word' id='word_1_36' title='bbox 1161 905 1267 989; x_wconf 89' lang='lat' dir='ltr'><strong>planis</strong></span> 
     </span>
     <span class='ocr_line' id='line_1_6' title="bbox 126 1002 1268 1094; baseline 0 -21"><span class='ocrx_word' id='word_1_37' title='bbox 126 1008 233 1073; x_wconf 83' lang='lat' dir='ltr'><strong>verbis</strong></span> <span class='ocrx_word' id='word_1_38' title='bbox 257 1008 396 1090; x_wconf 81' lang='lat' dir='ltr'>gratiam</span> <span class='ocrx_word' id='word_1_39' title='bbox 419 1027 455 1073; x_wconf 90' lang='grc'><strong>00</strong></span> <span class='ocrx_word' id='word_1_40' title='bbox 478 1006 888 1090; x_wconf 68' lang='grc'><strong>110110100011101111.44911</strong></span> <span class='ocrx_word' id='word_1_41' title='bbox 912 1005 949 1072; x_wconf 88' lang='grc' dir='ltr'><strong>τὸ</strong></span> <span class='ocrx_word' id='word_1_42' title='bbox 973 1007 1036 1089; x_wconf 77' lang='grc' dir='ltr'><strong>μὲν</strong></span> <span class='ocrx_word' id='word_1_43' title='bbox 1058 1002 1268 1094; x_wconf 78' lang='grc' dir='ltr'><strong><em>εὐχαριστεῖν</em></strong></span> 
     </span>
    </p>
   </div>
   <div class='ocr_carea' id='block_1_3' title="bbox 125 1104 1413 1196">
    <p class='ocr_par' dir='ltr' id='par_1_3' title="bbox 125 1104 1413 1196">
     <span class='ocr_line' id='line_1_7' title="bbox 125 1104 1413 1196; baseline 0.004 -24"><span class='ocrx_word' id='word_1_44' title='bbox 125 1117 172 1194; x_wconf 82' lang='grc' dir='ltr'><strong>τῷ</strong></span> <span class='ocrx_word' id='word_1_45' title='bbox 194 1107 444 1192; x_wconf 77' lang='grc' dir='ltr'><strong><em>μεταβάλλοντι</em></strong></span> <span class='ocrx_word' id='word_1_46' title='bbox 458 1107 501 1172; x_wconf 85' lang='grc' dir='ltr'><strong>τά</strong></span> <span class='ocrx_word' id='word_1_47' title='bbox 516 1106 700 1194; x_wconf 80' lang='grc' dir='ltr'><strong>πράγματα</strong></span> <span class='ocrx_word' id='word_1_48' title='bbox 723 1107 834 1194; x_wconf 81' lang='grc' dir='ltr'><strong><em>χρόνῳ</em></strong></span> <span class='ocrx_word' id='word_1_49' title='bbox 853 1159 859 1172; x_wconf 95' lang='grc'><strong>.</strong></span> <span class='ocrx_word' id='word_1_50' title='bbox 878 1159 909 1174; x_wconf 92' lang='grc'><strong>..</strong></span> <span class='ocrx_word' id='word_1_51' title='bbox 933 1104 1066 1196; x_wconf 91' lang='grc' dir='ltr'><strong><em>ἀφήσω.</em></strong></span> <span class='ocrx_word' id='word_1_52' title='bbox 1114 1111 1205 1176; x_wconf 84' lang='lat' dir='ltr'>Hane</span> <span class='ocrx_word' id='word_1_53' title='bbox 1224 1112 1265 1176; x_wconf 92' lang='lat' dir='ltr'><strong>0b</strong></span> <span class='ocrx_word' id='word_1_54' title='bbox 1354 1125 1368 1154; x_wconf 84' lang='lat'><strong>·</strong></span> <span class='ocrx_word' id='word_1_55' title='bbox 1410 1127 1413 1130; x_wconf 83' lang='lat'>&#39;</span> 
     </span>
    </p>
   </div>
   <div class='ocr_carea' id='block_1_4' title="bbox 123 1220 1267 3342">
    <p class='ocr_par' dir='ltr' id='par_1_4' title="bbox 125 1220 1263 1452">
     <span class='ocr_line' id='line_1_8' title="bbox 125 1220 1263 1350; baseline -0.001 -20"><span class='ocrx_word' id='word_1_56' title='bbox 125 1285 259 1330; x_wconf 85' lang='lat' dir='ltr'>eausam</span> <span class='ocrx_word' id='word_1_57' title='bbox 274 1266 408 1331; x_wconf 87' lang='lat' dir='ltr'>verbum</span> <span class='ocrx_word' id='word_1_58' title='bbox 430 1253 482 1349; x_wconf 83' lang='grc' dir='ltr'><strong>ήν,</strong></span> <span class='ocrx_word' id='word_1_59' title='bbox 508 1264 593 1346; x_wconf 89' lang='lat' dir='ltr'><strong>quod</strong></span> <span class='ocrx_word' id='word_1_60' title='bbox 615 1263 833 1348; x_wconf 83' lang='lat' dir='ltr'><strong>dittographia</strong></span> <span class='ocrx_word' id='word_1_61' title='bbox 854 1271 956 1328; x_wconf 90' lang='lat' dir='ltr'><strong>ortum</strong></span> <span class='ocrx_word' id='word_1_62' title='bbox 972 1264 1099 1329; x_wconf 87' lang='lat' dir='ltr'><strong>videtur</strong></span> <span class='ocrx_word' id='word_1_63' title='bbox 1120 1220 1263 1350; x_wconf 68' lang='grc' dir='ltr'><strong>(χάρήλή,</strong></span> 
     </span>
     <span class='ocr_line' id='line_1_9' title="bbox 125 1367 1137 1452; baseline 0 -20"><span class='ocrx_word' id='word_1_64' title='bbox 125 1376 160 1433; x_wconf 88' lang='grc'><strong>01</strong></span> <span class='ocrx_word' id='word_1_65' title='bbox 182 1391 203 1433; x_wconf 88' lang='lat' dir='ltr'><strong>a</strong></span> <span class='ocrx_word' id='word_1_66' title='bbox 226 1368 377 1452; x_wconf 88' lang='lat' dir='ltr'><strong>Dionysii</strong></span> <span class='ocrx_word' id='word_1_67' title='bbox 399 1367 532 1434; x_wconf 90' lang='lat' dir='ltr'><strong>oonsilio</strong></span> <span class='ocrx_word' id='word_1_68' title='bbox 555 1368 695 1433; x_wconf 86' lang='lat' dir='ltr'>alienum</span> <span class='ocrx_word' id='word_1_69' title='bbox 718 1367 889 1434; x_wconf 84' lang='lat' dir='ltr'><strong>delendum</strong></span> <span class='ocrx_word' id='word_1_70' title='bbox 913 1388 986 1434; x_wconf 88' lang='grc'><strong>0000</strong></span> <span class='ocrx_word' id='word_1_71' title='bbox 1008 1388 1137 1434; x_wconf 82' lang='lat' dir='ltr'><strong>censeo.</strong></span> 
     </span>
    </p>

    <p class='ocr_par' dir='ltr' id='par_1_5' title="bbox 123 1489 1267 3342">
     <span class='ocr_line' id='line_1_10' title="bbox 212 1489 1267 1583; baseline 0.002 -23"><span class='ocrx_word' id='word_1_72' title='bbox 212 1517 246 1580; x_wconf 92' lang='lat' dir='ltr'><strong>p.</strong></span> <span class='ocrx_word' id='word_1_73' title='bbox 266 1499 374 1560; x_wconf 80' lang='grc'><strong>446100</strong></span> <span class='ocrx_word' id='word_1_74' title='bbox 400 1489 522 1582; x_wconf 80' lang='grc' dir='ltr'><strong><em>Ἕτέρα</em></strong></span> <span class='ocrx_word' id='word_1_75' title='bbox 552 1495 589 1560; x_wconf 83' lang='grc' dir='ltr'><strong>δέ</strong></span> <span class='ocrx_word' id='word_1_76' title='bbox 617 1519 667 1571; x_wconf 88' lang='grc' dir='ltr'><strong>τις</strong></span> <span class='ocrx_word' id='word_1_77' title='bbox 695 1499 749 1579; x_wconf 77' lang='lat' dir='ltr'><strong>(se.</strong></span> <span class='ocrx_word' id='word_1_78' title='bbox 770 1493 936 1583; x_wconf 70' lang='grc' dir='ltr'><strong><em>ῥητορική)</em></strong></span> <span class='ocrx_word' id='word_1_79' title='bbox 965 1495 1022 1560; x_wconf 70' lang='lat' dir='ltr'><strong>tat</strong></span> <span class='ocrx_word' id='word_1_80' title='bbox 1053 1495 1114 1582; x_wconf 87' lang='grc' dir='ltr'><strong>τήν</strong></span> <span class='ocrx_word' id='word_1_81' title='bbox 1139 1494 1267 1582; x_wconf 74' lang='grc' dir='ltr'><strong><em>ἐκείνης</em></strong></span> 
     </span>
     <span class='ocr_line' id='line_1_11' title="bbox 129 1592 1267 1686; baseline 0.001 -22"><span class='ocrx_word' id='word_1_82' title='bbox 129 1604 185 1682; x_wconf 77' lang='lat' dir='ltr'><strong>(so.</strong></span> <span class='ocrx_word' id='word_1_83' title='bbox 204 1607 265 1686; x_wconf 82' lang='grc' dir='ltr'><strong>τής</strong></span> <span class='ocrx_word' id='word_1_84' title='bbox 281 1592 425 1680; x_wconf 80' lang='grc' dir='ltr'><strong><em>ἀρχαίας</em></strong></span> <span class='ocrx_word' id='word_1_85' title='bbox 441 1599 497 1662; x_wconf 88' lang='grc' dir='ltr'><strong>καὶ</strong></span> <span class='ocrx_word' id='word_1_86' title='bbox 513 1596 709 1684; x_wconf 84' lang='grc' dir='ltr'><em>φιλοσόφου</em></span> <span class='ocrx_word' id='word_1_87' title='bbox 724 1597 909 1686; x_wconf 74' lang='grc' dir='ltr'><strong><em>ῥητορικῆς)</em></strong></span> <span class='ocrx_word' id='word_1_88' title='bbox 931 1601 1155 1685; x_wconf 68' lang='grc' dir='ltr'><strong><em>παρελθοῦσα</em></strong></span> <span class='ocrx_word' id='word_1_89' title='bbox 1171 1597 1267 1679; x_wconf 82' lang='grc' dir='ltr'><em>τάξιν</em></span> 
     </span>
     <span class='ocr_line' id='line_1_12' title="bbox 128 1697 1266 1789; baseline 0 -23"><span class='ocrx_word' id='word_1_90' title='bbox 128 1753 134 1766; x_wconf 95' lang='grc'><strong>.</strong></span> <span class='ocrx_word' id='word_1_91' title='bbox 158 1755 164 1766; x_wconf 94' lang='grc'><strong>.</strong></span> <span class='ocrx_word' id='word_1_92' title='bbox 186 1753 192 1766; x_wconf 94' lang='grc'><strong>.</strong></span> <span class='ocrx_word' id='word_1_93' title='bbox 220 1697 261 1767; x_wconf 78' lang='lat' dir='ltr'><strong>od</strong></span> <span class='ocrx_word' id='word_1_94' title='bbox 280 1699 388 1785; x_wconf 85' lang='grc' dir='ltr'><strong><em>μόνον</em></strong></span> <span class='ocrx_word' id='word_1_95' title='bbox 411 1701 447 1767; x_wconf 79' lang='grc' dir='ltr'><strong>ἐν</strong></span> <span class='ocrx_word' id='word_1_96' title='bbox 462 1697 608 1788; x_wconf 78' lang='grc' dir='ltr'><strong><em>εάτιορίᾳ</em></strong></span> <span class='ocrx_word' id='word_1_97' title='bbox 630 1703 686 1766; x_wconf 83' lang='grc' dir='ltr'><strong>καὶ</strong></span> <span class='ocrx_word' id='word_1_98' title='bbox 710 1709 819 1788; x_wconf 76' lang='grc' dir='ltr'><strong><em>τρνφῇ</em></strong></span> <span class='ocrx_word' id='word_1_99' title='bbox 843 1704 900 1766; x_wconf 84' lang='grc' dir='ltr'><strong>καὶ</strong></span> <span class='ocrx_word' id='word_1_100' title='bbox 921 1709 1037 1789; x_wconf 77' lang='grc' dir='ltr'><strong><em>μορφῇ</em></strong></span> <span class='ocrx_word' id='word_1_101' title='bbox 1059 1704 1193 1768; x_wconf 85' lang='grc' dir='ltr'><strong><em>ιτλείονι</em></strong></span> <span class='ocrx_word' id='word_1_102' title='bbox 1208 1711 1266 1789; x_wconf 81' lang='grc' dir='ltr'><strong>τῆς</strong></span> 
     </span>
     <span class='ocr_line' id='line_1_13' title="bbox 126 1800 1266 1892; baseline 0.001 -22"><span class='ocrx_word' id='word_1_103' title='bbox 126 1806 243 1892; x_wconf 80' lang='grc' dir='ltr'><strong><em>ἑτέρας</em></strong></span> <span class='ocrx_word' id='word_1_104' title='bbox 263 1807 386 1892; x_wconf 83' lang='grc' dir='ltr'><em>διήγεν,</em></span> <span class='ocrx_word' id='word_1_105' title='bbox 415 1800 500 1869; x_wconf 86' lang='grc' dir='ltr'><strong><em>ἀλλὰ</em></strong></span> <span class='ocrx_word' id='word_1_106' title='bbox 522 1807 580 1870; x_wconf 86' lang='grc' dir='ltr'><strong>καὶ</strong></span> <span class='ocrx_word' id='word_1_107' title='bbox 602 1802 662 1881; x_wconf 88' lang='grc' dir='ltr'><strong>τὰς</strong></span> <span class='ocrx_word' id='word_1_108' title='bbox 684 1804 784 1888; x_wconf 88' lang='grc' dir='ltr'><strong><em>τιμάς</em></strong></span> <span class='ocrx_word' id='word_1_109' title='bbox 806 1807 863 1869; x_wconf 89' lang='grc' dir='ltr'><strong>καὶ</strong></span> <span class='ocrx_word' id='word_1_110' title='bbox 885 1804 945 1882; x_wconf 88' lang='grc' dir='ltr'><strong>τὰς</strong></span> <span class='ocrx_word' id='word_1_111' title='bbox 968 1810 1178 1891; x_wconf 75' lang='grc' dir='ltr'><strong><em>προστασίας</em></strong></span> <span class='ocrx_word' id='word_1_112' title='bbox 1201 1813 1266 1871; x_wconf 79' lang='grc' dir='ltr'><em>τιῖιν</em></span> 
     </span>
     <span class='ocr_line' id='line_1_14' title="bbox 126 1903 1266 1996; baseline -0.001 -23"><span class='ocrx_word' id='word_1_113' title='bbox 126 1908 263 1976; x_wconf 84' lang='grc' dir='ltr'><strong><em>ιτόλεων</em></strong></span> <span class='ocrx_word' id='word_1_114' title='bbox 287 1959 294 1971; x_wconf 94' lang='grc'><strong>.</strong></span> <span class='ocrx_word' id='word_1_115' title='bbox 317 1961 324 1973; x_wconf 93' lang='grc'><strong>.</strong></span> <span class='ocrx_word' id='word_1_116' title='bbox 346 1959 353 1971; x_wconf 93' lang='grc'><strong>.</strong></span> <span class='ocrx_word' id='word_1_117' title='bbox 378 1908 427 1984; x_wconf 84' lang='grc' dir='ltr'><strong>εἰς</strong></span> <span class='ocrx_word' id='word_1_118' title='bbox 451 1907 573 1995; x_wconf 79' lang='grc' dir='ltr'><strong><em>ἑαυτήν</em></strong></span> <span class='ocrx_word' id='word_1_119' title='bbox 588 1903 811 1996; x_wconf 91' lang='grc' dir='ltr'><strong><em>ἀνηρτήσατο.</em></strong></span> <span class='ocrx_word' id='word_1_120' title='bbox 851 1907 1266 1974; x_wconf 77' lang='grc'><strong>6110100110011110111001111</strong></span> 
     </span>
     <span class='ocr_line' id='line_1_15' title="bbox 126 2007 1266 2098; baseline 0 -22"><span class='ocrx_word' id='word_1_121' title='bbox 126 2012 160 2078; x_wconf 79' lang='grc' dir='ltr'><strong>ἐν</strong></span> <span class='ocrx_word' id='word_1_122' title='bbox 182 2007 333 2098; x_wconf 79' lang='grc' dir='ltr'><strong><em>εάιτορίᾳ</em></strong></span> <span class='ocrx_word' id='word_1_123' title='bbox 356 2009 495 2096; x_wconf 80' lang='grc' dir='ltr'><strong>διάγειν,</strong></span> <span class='ocrx_word' id='word_1_124' title='bbox 522 2010 559 2076; x_wconf 80' lang='grc' dir='ltr'><strong>ἑν</strong></span> <span class='ocrx_word' id='word_1_125' title='bbox 580 2018 691 2097; x_wconf 76' lang='grc' dir='ltr'><strong><em>τροφῇ</em></strong></span> <span class='ocrx_word' id='word_1_126' title='bbox 714 2008 852 2095; x_wconf 82' lang='grc' dir='ltr'><em>διάγειν,</em></span> <span class='ocrx_word' id='word_1_127' title='bbox 880 2011 1068 2076; x_wconf 84' lang='lat' dir='ltr'><strong>locutionem</strong></span> <span class='ocrx_word' id='word_1_128' title='bbox 1093 2010 1129 2076; x_wconf 77' lang='grc' dir='ltr'><strong>ἐν</strong></span> <span class='ocrx_word' id='word_1_129' title='bbox 1151 2019 1266 2098; x_wconf 79' lang='grc' dir='ltr'><strong><em>μορφῇ</em></strong></span> 
     </span>
     <span class='ocr_line' id='line_1_16' title="bbox 125 2113 1265 2200; baseline 0 -20"><span class='ocrx_word' id='word_1_130' title='bbox 125 2113 256 2200; x_wconf 76' lang='grc' dir='ltr'><em>διάγειν</em></span> <span class='ocrx_word' id='word_1_131' title='bbox 278 2136 342 2179; x_wconf 92' lang='lat' dir='ltr'><strong>non</strong></span> <span class='ocrx_word' id='word_1_132' title='bbox 365 2117 469 2180; x_wconf 86' lang='lat' dir='ltr'><strong>solum</strong></span> <span class='ocrx_word' id='word_1_133' title='bbox 493 2137 513 2179; x_wconf 90' lang='lat' dir='ltr'><strong>a</strong></span> <span class='ocrx_word' id='word_1_134' title='bbox 536 2135 682 2180; x_wconf 84' lang='lat' dir='ltr'><strong>sermone</strong></span> <span class='ocrx_word' id='word_1_135' title='bbox 704 2115 827 2180; x_wconf 81' lang='lat' dir='ltr'>Graeco</span> <span class='ocrx_word' id='word_1_136' title='bbox 856 2115 995 2180; x_wconf 84' lang='lat' dir='ltr'>alienam</span> <span class='ocrx_word' id='word_1_137' title='bbox 1024 2135 1106 2198; x_wconf 84' lang='lat' dir='ltr'><strong>ossa,</strong></span> <span class='ocrx_word' id='word_1_138' title='bbox 1141 2115 1199 2180; x_wconf 84' lang='lat' dir='ltr'><strong>sed</strong></span> <span class='ocrx_word' id='word_1_139' title='bbox 1224 2136 1265 2180; x_wconf 88' lang='grc'><strong>110</strong></span> 
     </span>
     <span class='ocr_line' id='line_1_17' title="bbox 123 2218 1267 2302; baseline -0.002 -18"><span class='ocrx_word' id='word_1_140' title='bbox 123 2241 257 2286; x_wconf 86' lang='lat' dir='ltr'><strong>sensum</strong></span> <span class='ocrx_word' id='word_1_141' title='bbox 280 2219 410 2301; x_wconf 83' lang='lat' dir='ltr'><strong>quidem</strong></span> <span class='ocrx_word' id='word_1_142' title='bbox 434 2219 532 2283; x_wconf 93' lang='lat' dir='ltr'>ullum</span> <span class='ocrx_word' id='word_1_143' title='bbox 555 2219 709 2302; x_wconf 83' lang='lat' dir='ltr'><strong>praebere</strong></span> <span class='ocrx_word' id='word_1_144' title='bbox 731 2218 786 2283; x_wconf 84' lang='lat' dir='ltr'><strong>vix</strong></span> <span class='ocrx_word' id='word_1_145' title='bbox 808 2225 859 2282; x_wconf 90' lang='grc'><strong>001</strong></span> <span class='ocrx_word' id='word_1_146' title='bbox 880 2218 967 2300; x_wconf 88' lang='lat' dir='ltr'><strong>quod</strong></span> <span class='ocrx_word' id='word_1_147' title='bbox 988 2219 1134 2301; x_wconf 87' lang='lat' dir='ltr'><strong>pluribus</strong></span> <span class='ocrx_word' id='word_1_148' title='bbox 1156 2238 1267 2302; x_wconf 83' lang='lat' dir='ltr'><strong>perso-</strong></span> 
     </span>
     <span class='ocr_line' id='line_1_18' title="bbox 124 2320 1264 2412; baseline 0 -26"><span class='ocrx_word' id='word_1_149' title='bbox 124 2343 213 2403; x_wconf 81' lang='lat' dir='ltr'>quar.</span> <span class='ocrx_word' id='word_1_150' title='bbox 257 2321 400 2401; x_wconf 83' lang='lat' dir='ltr'><strong>Accedit,</strong></span> <span class='ocrx_word' id='word_1_151' title='bbox 427 2321 511 2404; x_wconf 90' lang='lat' dir='ltr'><strong>quod</strong></span> <span class='ocrx_word' id='word_1_152' title='bbox 527 2321 703 2412; x_wconf 84' lang='lat' dir='ltr'><strong>Dionysius</strong></span> <span class='ocrx_word' id='word_1_153' title='bbox 725 2321 758 2385; x_wconf 92' lang='lat' dir='ltr'><strong>in</strong></span> <span class='ocrx_word' id='word_1_154' title='bbox 773 2320 834 2385; x_wconf 90' lang='lat' dir='ltr'>hae</span> <span class='ocrx_word' id='word_1_155' title='bbox 849 2321 1002 2404; x_wconf 84' lang='lat' dir='ltr'><strong>prooemii</strong></span> <span class='ocrx_word' id='word_1_156' title='bbox 1017 2327 1109 2404; x_wconf 84' lang='lat' dir='ltr'>parte</span> <span class='ocrx_word' id='word_1_157' title='bbox 1126 2320 1264 2403; x_wconf 84' lang='lat' dir='ltr'><strong>diligen-</strong></span> 
     </span>
     <span class='ocr_line' id='line_1_19' title="bbox 125 2416 1261 2508; baseline -0.001 -19"><span class='ocrx_word' id='word_1_158' title='bbox 125 2433 171 2489; x_wconf 83' lang='lat' dir='ltr'><strong>ter</strong></span> <span class='ocrx_word' id='word_1_159' title='bbox 185 2425 320 2508; x_wconf 83' lang='lat' dir='ltr'><strong>singula</strong></span> <span class='ocrx_word' id='word_1_160' title='bbox 334 2425 406 2489; x_wconf 86' lang='lat' dir='ltr'>oola</span> <span class='ocrx_word' id='word_1_161' title='bbox 427 2425 474 2489; x_wconf 89' lang='lat' dir='ltr'><strong>ita</strong></span> <span class='ocrx_word' id='word_1_162' title='bbox 488 2424 615 2506; x_wconf 79' lang='lat' dir='ltr'><strong>struxit,</strong></span> <span class='ocrx_word' id='word_1_163' title='bbox 642 2431 677 2488; x_wconf 90' lang='lat' dir='ltr'><strong>ut</strong></span> <span class='ocrx_word' id='word_1_164' title='bbox 691 2423 844 2508; x_wconf 81' lang='lat' dir='ltr'><strong>bipertita</strong></span> <span class='ocrx_word' id='word_1_165' title='bbox 859 2430 977 2506; x_wconf 88' lang='grc'><strong>000001,</strong></span> <span class='ocrx_word' id='word_1_166' title='bbox 1003 2444 1067 2488; x_wconf 87' lang='grc'><strong>000</strong></span> <span class='ocrx_word' id='word_1_167' title='bbox 1087 2416 1261 2507; x_wconf 57' lang='lat' dir='ltr'><strong>tripertita</strong></span> 
     </span>
     <span class='ocr_line' id='line_1_20' title="bbox 125 2521 1264 2613; baseline -0.004 -21"><span class='ocrx_word' id='word_1_168' title='bbox 125 2528 163 2592; x_wconf 80' lang='lat' dir='ltr'><strong>oi.</strong></span> <span class='ocrx_word' id='word_1_169' title='bbox 188 2551 219 2613; x_wconf 92' lang='lat' dir='ltr'><strong>p.</strong></span> <span class='ocrx_word' id='word_1_170' title='bbox 242 2533 322 2592; x_wconf 82' lang='grc'><strong>4450</strong></span> <span class='ocrx_word' id='word_1_171' title='bbox 344 2521 363 2613; x_wconf 89' lang='grc' dir='ltr'><strong><em>ή</em></strong></span> <span class='ocrx_word' id='word_1_172' title='bbox 379 2526 443 2609; x_wconf 80' lang='grc' dir='ltr'><strong>μὲν</strong></span> <span class='ocrx_word' id='word_1_173' title='bbox 458 2521 582 2612; x_wconf 86' lang='grc' dir='ltr'><strong><em>ἀρχαία</em></strong></span> <span class='ocrx_word' id='word_1_174' title='bbox 599 2527 656 2590; x_wconf 80' lang='grc' dir='ltr'><strong>καὶ</strong></span> <span class='ocrx_word' id='word_1_175' title='bbox 671 2523 862 2612; x_wconf 86' lang='grc' dir='ltr'><strong><em>φιλόσοφος</em></strong></span> <span class='ocrx_word' id='word_1_176' title='bbox 882 2529 925 2607; x_wconf 83' lang='lat' dir='ltr'>(at</span> <span class='ocrx_word' id='word_1_177' title='bbox 940 2526 981 2592; x_wconf 85' lang='grc'><strong>110</strong></span> <span class='ocrx_word' id='word_1_178' title='bbox 997 2525 1109 2592; x_wconf 82' lang='lat' dir='ltr'>eadem</span> <span class='ocrx_word' id='word_1_179' title='bbox 1125 2547 1156 2609; x_wconf 90' lang='lat' dir='ltr'><strong>p.</strong></span> <span class='ocrx_word' id='word_1_180' title='bbox 1173 2531 1264 2589; x_wconf 86' lang='grc'><strong>44611</strong></span> 
     </span>
     <span class='ocr_line' id='line_1_21' title="bbox 125 2624 1266 2717; baseline -0.002 -23"><span class='ocrx_word' id='word_1_181' title='bbox 125 2625 221 2717; x_wconf 80' lang='grc' dir='ltr'><strong><em>ἡμὲν</em></strong></span> <span class='ocrx_word' id='word_1_182' title='bbox 237 2626 370 2717; x_wconf 80' lang='grc' dir='ltr'><strong><em>Ἀττική</em></strong></span> <span class='ocrx_word' id='word_1_183' title='bbox 387 2636 514 2696; x_wconf 81' lang='grc' dir='ltr'><strong><em>Μοῦσα</em></strong></span> <span class='ocrx_word' id='word_1_184' title='bbox 535 2631 592 2694; x_wconf 88' lang='grc' dir='ltr'><strong>καὶ</strong></span> <span class='ocrx_word' id='word_1_185' title='bbox 614 2625 739 2715; x_wconf 91' lang='grc' dir='ltr'><strong><em>άρχαία</em></strong></span> <span class='ocrx_word' id='word_1_186' title='bbox 762 2631 819 2693; x_wconf 83' lang='grc' dir='ltr'><strong>καὶ</strong></span> <span class='ocrx_word' id='word_1_187' title='bbox 835 2624 1042 2714; x_wconf 78' lang='grc' dir='ltr'><strong><em>αὐτόχθων).</em></strong></span> <span class='ocrx_word' id='word_1_188' title='bbox 1083 2635 1160 2694; x_wconf 84' lang='grc'><strong>4461</strong></span> <span class='ocrx_word' id='word_1_189' title='bbox 1177 2624 1266 2714; x_wconf 83' lang='grc' dir='ltr'><strong><em>ἀφιλ-</em></strong></span> 
     </span>
     <span class='ocr_line' id='line_1_22' title="bbox 126 2728 1265 2821; baseline -0.001 -22"><span class='ocrx_word' id='word_1_190' title='bbox 126 2759 224 2821; x_wconf 86' lang='grc' dir='ltr'><strong><em>ρητος</em></strong></span> <span class='ocrx_word' id='word_1_191' title='bbox 259 2735 319 2798; x_wconf 83' lang='grc' dir='ltr'><strong>καὶ</strong></span> <span class='ocrx_word' id='word_1_192' title='bbox 347 2729 531 2818; x_wconf 82' lang='grc' dir='ltr'><strong>ἀνάγωγος,</strong></span> <span class='ocrx_word' id='word_1_193' title='bbox 569 2754 683 2800; x_wconf 78' lang='lat' dir='ltr'>versa</span> <span class='ocrx_word' id='word_1_194' title='bbox 713 2729 788 2798; x_wconf 75' lang='grc' dir='ltr'><strong><em>οὔτε</em></strong></span> <span class='ocrx_word' id='word_1_195' title='bbox 820 2735 1028 2820; x_wconf 77' lang='grc' dir='ltr'><strong><em>φιλοσοφίας</em></strong></span> <span class='ocrx_word' id='word_1_196' title='bbox 1063 2728 1135 2798; x_wconf 74' lang='grc' dir='ltr'><strong><em>οὔτ’</em></strong></span> <span class='ocrx_word' id='word_1_197' title='bbox 1162 2729 1265 2798; x_wconf 84' lang='grc' dir='ltr'><strong><em>ἀλλον</em></strong></span> 
     </span>
     <span class='ocr_line' id='line_1_23' title="bbox 126 2832 1265 2922; baseline -0.001 -22"><span class='ocrx_word' id='word_1_198' title='bbox 126 2836 360 2920; x_wconf 69' lang='grc' dir='ltr'><strong>παιδεύματος</strong></span> <span class='ocrx_word' id='word_1_199' title='bbox 376 2832 523 2919; x_wconf 77' lang='grc' dir='ltr'><strong><em>οὐδενός,</em></strong></span> <span class='ocrx_word' id='word_1_200' title='bbox 551 2857 634 2903; x_wconf 88' lang='grc'><strong>1010.</strong></span> <span class='ocrx_word' id='word_1_201' title='bbox 653 2863 665 2902; x_wconf 80' lang='lat' dir='ltr'><strong>a</strong></span> <span class='ocrx_word' id='word_1_202' title='bbox 688 2838 745 2902; x_wconf 82' lang='grc' dir='ltr'><strong>καὶ</strong></span> <span class='ocrx_word' id='word_1_203' title='bbox 767 2834 828 2912; x_wconf 82' lang='grc' dir='ltr'><strong>τὰς</strong></span> <span class='ocrx_word' id='word_1_204' title='bbox 850 2834 950 2919; x_wconf 89' lang='grc' dir='ltr'><strong><em>τιμὰς</em></strong></span> <span class='ocrx_word' id='word_1_205' title='bbox 965 2838 1021 2900; x_wconf 83' lang='grc' dir='ltr'><strong>καὶ</strong></span> <span class='ocrx_word' id='word_1_206' title='bbox 1037 2835 1097 2912; x_wconf 90' lang='grc' dir='ltr'><strong>τὰς</strong></span> <span class='ocrx_word' id='word_1_207' title='bbox 1113 2859 1265 2922; x_wconf 81' lang='grc' dir='ltr'><strong><em>προστα-</em></strong></span> 
     </span>
     <span class='ocr_line' id='line_1_24' title="bbox 127 2935 1265 3027; baseline -0.002 -21"><span class='ocrx_word' id='word_1_208' title='bbox 127 2947 210 3024; x_wconf 83' lang='grc' dir='ltr'><strong><em>σίας,</em></strong></span> <span class='ocrx_word' id='word_1_209' title='bbox 239 2961 325 3006; x_wconf 86' lang='grc'><strong>1010.</strong></span> <span class='ocrx_word' id='word_1_210' title='bbox 344 2966 357 3004; x_wconf 83' lang='grc'><strong>0</strong></span> <span class='ocrx_word' id='word_1_211' title='bbox 373 2939 517 3027; x_wconf 76' lang='grc' dir='ltr'><strong><em>φορτική</em></strong></span> <span class='ocrx_word' id='word_1_212' title='bbox 533 2964 583 3016; x_wconf 89' lang='grc' dir='ltr'><strong>τις</strong></span> <span class='ocrx_word' id='word_1_213' title='bbox 599 2937 691 3005; x_wconf 80' lang='grc' dir='ltr'><em>πάνυ</em></span> <span class='ocrx_word' id='word_1_214' title='bbox 706 2941 763 3004; x_wconf 88' lang='grc' dir='ltr'><strong>καὶ</strong></span> <span class='ocrx_word' id='word_1_215' title='bbox 779 2935 916 3027; x_wconf 80' lang='grc' dir='ltr'><strong><em>ὀχληρά,</em></strong></span> <span class='ocrx_word' id='word_1_216' title='bbox 943 2961 1028 3006; x_wconf 88' lang='grc'><strong>1010.</strong></span> <span class='ocrx_word' id='word_1_217' title='bbox 1048 2965 1073 3006; x_wconf 93' lang='grc'><strong>10</strong></span> <span class='ocrx_word' id='word_1_218' title='bbox 1096 2947 1162 3006; x_wconf 79' lang='grc' dir='ltr'><strong>τῶν</strong></span> <span class='ocrx_word' id='word_1_219' title='bbox 1177 2936 1265 3004; x_wconf 86' lang='grc' dir='ltr'><strong><em>ἀσώ-</em></strong></span> 
     </span>
     <span class='ocr_line' id='line_1_25' title="bbox 125 3042 1264 3131; baseline -0.002 -22"><span class='ocrx_word' id='word_1_220' title='bbox 125 3071 191 3112; x_wconf 88' lang='grc' dir='ltr'><strong>των</strong></span> <span class='ocrx_word' id='word_1_221' title='bbox 205 3047 266 3110; x_wconf 85' lang='grc' dir='ltr'><strong>καὶ</strong></span> <span class='ocrx_word' id='word_1_222' title='bbox 280 3042 548 3127; x_wconf 78' lang='grc' dir='ltr'><strong><em>κακοδαιμόνων,</em></strong></span> <span class='ocrx_word' id='word_1_223' title='bbox 572 3065 693 3110; x_wconf 75' lang='grc'><strong>101011</strong></span> <span class='ocrx_word' id='word_1_224' title='bbox 713 3043 877 3130; x_wconf 76' lang='grc' dir='ltr'><strong><em>ἐλευθέρα</em></strong></span> <span class='ocrx_word' id='word_1_225' title='bbox 893 3046 951 3109; x_wconf 85' lang='grc' dir='ltr'><strong>καὶ</strong></span> <span class='ocrx_word' id='word_1_226' title='bbox 966 3042 1122 3131; x_wconf 84' lang='grc' dir='ltr'><strong><em>σώφρων,</em></strong></span> <span class='ocrx_word' id='word_1_227' title='bbox 1141 3066 1225 3110; x_wconf 83' lang='lat' dir='ltr'><strong>vers.</strong></span> <span class='ocrx_word' id='word_1_228' title='bbox 1238 3069 1264 3107; x_wconf 84' lang='grc'><strong>11</strong></span> 
     </span>
     <span class='ocr_line' id='line_1_26' title="bbox 126 3149 1265 3236; baseline -0.001 -23"><span class='ocrx_word' id='word_1_229' title='bbox 126 3150 376 3234; x_wconf 70' lang='grc' dir='ltr'><strong><em>σκυβαλίζουσα</em></strong></span> <span class='ocrx_word' id='word_1_230' title='bbox 410 3150 468 3213; x_wconf 84' lang='grc' dir='ltr'><strong>καί</strong></span> <span class='ocrx_word' id='word_1_231' title='bbox 501 3149 727 3236; x_wconf 85' lang='grc' dir='ltr'><strong>δεδιττομένη.</strong></span> <span class='ocrx_word' id='word_1_232' title='bbox 781 3150 840 3214; x_wconf 85' lang='lat' dir='ltr'><strong>His</strong></span> <span class='ocrx_word' id='word_1_233' title='bbox 873 3149 913 3214; x_wconf 83' lang='lat' dir='ltr'><strong>de</strong></span> <span class='ocrx_word' id='word_1_234' title='bbox 943 3149 1050 3216; x_wconf 84' lang='grc'><strong>0011010</strong></span> <span class='ocrx_word' id='word_1_235' title='bbox 1080 3149 1180 3214; x_wconf 85' lang='lat' dir='ltr'>verba</span> <span class='ocrx_word' id='word_1_236' title='bbox 1207 3150 1265 3212; x_wconf 84' lang='grc' dir='ltr'><strong>καὶ</strong></span> 
     </span>
     <span class='ocr_line' id='line_1_27' title="bbox 126 3253 878 3342; baseline -0.005 -23"><span class='ocrx_word' id='word_1_237' title='bbox 126 3261 250 3342; x_wconf 79' lang='grc' dir='ltr'><strong><em>μορφῇ·</em></strong></span> <span class='ocrx_word' id='word_1_238' title='bbox 264 3262 338 3339; x_wconf 88' lang='lat' dir='ltr'><strong>post</strong></span> <span class='ocrx_word' id='word_1_239' title='bbox 359 3254 417 3317; x_wconf 85' lang='grc' dir='ltr'><strong>καὶ</strong></span> <span class='ocrx_word' id='word_1_240' title='bbox 439 3259 550 3338; x_wconf 80' lang='grc' dir='ltr'><strong><em>τροφῇ</em></strong></span> <span class='ocrx_word' id='word_1_241' title='bbox 574 3253 770 3318; x_wconf 80' lang='grc'><strong>0006600101</strong></span> <span class='ocrx_word' id='word_1_242' title='bbox 791 3254 878 3318; x_wconf 92' lang='lat' dir='ltr'><strong>tollo.</strong></span> 
     </span>
    </p>
   </div>
   <div class='ocr_carea' id='block_1_5' title="bbox 126 3375 1278 4394">
    <p class='ocr_par' dir='ltr' id='par_1_6' title="bbox 126 3375 1278 4394">
     <span class='ocr_line' id='line_1_28' title="bbox 209 3375 1265 3469; baseline 0 -23"><span class='ocrx_word' id='word_1_243' title='bbox 209 3405 245 3468; x_wconf 89' lang='lat' dir='ltr'><strong>p.</strong></span> <span class='ocrx_word' id='word_1_244' title='bbox 264 3375 452 3447; x_wconf 84' lang='grc' dir='ltr'><strong>446110οἩ</strong></span> <span class='ocrx_word' id='word_1_245' title='bbox 472 3381 535 3464; x_wconf 80' lang='grc' dir='ltr'><strong>μὲν</strong></span> <span class='ocrx_word' id='word_1_246' title='bbox 549 3375 680 3468; x_wconf 84' lang='grc' dir='ltr'><strong><em>Ἀττική</em></strong></span> <span class='ocrx_word' id='word_1_247' title='bbox 704 3387 831 3447; x_wconf 78' lang='grc' dir='ltr'><strong><em>Μοῦσα</em></strong></span> <span class='ocrx_word' id='word_1_248' title='bbox 853 3382 910 3445; x_wconf 83' lang='grc' dir='ltr'><strong>καὶ</strong></span> <span class='ocrx_word' id='word_1_249' title='bbox 933 3375 1057 3469; x_wconf 90' lang='grc' dir='ltr'><strong><em>ἀρχαία</em></strong></span> <span class='ocrx_word' id='word_1_250' title='bbox 1083 3382 1140 3446; x_wconf 76' lang='grc' dir='ltr'><strong>καὶ</strong></span> <span class='ocrx_word' id='word_1_251' title='bbox 1163 3376 1265 3448; x_wconf 79' lang='grc' dir='ltr'><strong><em>αὐτό-</em></strong></span> 
     </span>
     <span class='ocr_line' id='line_1_29' title="bbox 126 3481 1260 3572; baseline 0.001 -21"><span class='ocrx_word' id='word_1_252' title='bbox 126 3493 222 3568; x_wconf 89' lang='grc' dir='ltr'><strong><em>χθων</em></strong></span> <span class='ocrx_word' id='word_1_253' title='bbox 247 3483 368 3568; x_wconf 87' lang='grc' dir='ltr'><strong><em>ἀτιμον</em></strong></span> <span class='ocrx_word' id='word_1_254' title='bbox 390 3483 523 3572; x_wconf 80' lang='grc' dir='ltr'><strong><em>εἰλήφει</em></strong></span> <span class='ocrx_word' id='word_1_255' title='bbox 545 3491 656 3571; x_wconf 80' lang='grc' dir='ltr'><strong><em>σχῆμα</em></strong></span> <span class='ocrx_word' id='word_1_256' title='bbox 679 3491 745 3550; x_wconf 84' lang='grc' dir='ltr'><strong>τῶν</strong></span> <span class='ocrx_word' id='word_1_257' title='bbox 764 3484 884 3572; x_wconf 78' lang='grc' dir='ltr'><strong><em>ἑαυτῆς</em></strong></span> <span class='ocrx_word' id='word_1_258' title='bbox 901 3484 1090 3551; x_wconf 76' lang='grc' dir='ltr'><strong><em>ἐκπεσοῦσα</em></strong></span> <span class='ocrx_word' id='word_1_259' title='bbox 1107 3481 1260 3570; x_wconf 84' lang='grc' dir='ltr'><strong><em>ἀγαθῶν·</em></strong></span> 
     </span>
     <span class='ocr_line' id='line_1_30' title="bbox 127 3584 1278 3677; baseline 0 -21"><span class='ocrx_word' id='word_1_260' title='bbox 127 3585 143 3677; x_wconf 87' lang='grc' dir='ltr'><strong><em>ή</em></strong></span> <span class='ocrx_word' id='word_1_261' title='bbox 167 3586 199 3656; x_wconf 76' lang='grc' dir='ltr'><strong>δ’</strong></span> <span class='ocrx_word' id='word_1_262' title='bbox 227 3591 264 3655; x_wconf 72' lang='grc' dir='ltr'><strong>ἔκ</strong></span> <span class='ocrx_word' id='word_1_263' title='bbox 287 3614 390 3656; x_wconf 89' lang='grc' dir='ltr'><strong><em>τινων</em></strong></span> <span class='ocrx_word' id='word_1_264' title='bbox 411 3587 601 3675; x_wconf 76' lang='grc' dir='ltr'><strong><em>βαράθρων</em></strong></span> <span class='ocrx_word' id='word_1_265' title='bbox 623 3595 681 3675; x_wconf 83' lang='grc' dir='ltr'><strong>της</strong></span> <span class='ocrx_word' id='word_1_266' title='bbox 703 3586 818 3664; x_wconf 69' lang='grc' dir='ltr'><strong><em>Ἀσίας</em></strong></span> <span class='ocrx_word' id='word_1_267' title='bbox 841 3588 942 3670; x_wconf 81' lang='grc' dir='ltr'><strong><em>ἐχθὲς</em></strong></span> <span class='ocrx_word' id='word_1_268' title='bbox 965 3590 1021 3652; x_wconf 81' lang='grc' dir='ltr'><strong>καὶ</strong></span> <span class='ocrx_word' id='word_1_269' title='bbox 1045 3587 1162 3676; x_wconf 79' lang='grc' dir='ltr'><strong><em>πρώην</em></strong></span> <span class='ocrx_word' id='word_1_270' title='bbox 1183 3584 1278 3676; x_wconf 81' lang='grc' dir='ltr'><em>άφι-,</em></span> 
     </span>
     <span class='ocr_line' id='line_1_31' title="bbox 128 3687 1266 3780; baseline -0.001 -23"><span class='ocrx_word' id='word_1_271' title='bbox 128 3699 250 3780; x_wconf 84' lang='grc' dir='ltr'><strong><em>κομὲνη</em></strong></span> <span class='ocrx_word' id='word_1_272' title='bbox 274 3699 403 3759; x_wconf 79' lang='grc' dir='ltr'><strong><em>Μοῦσα</em></strong></span> <span class='ocrx_word' id='word_1_273' title='bbox 433 3687 453 3779; x_wconf 84' lang='grc' dir='ltr'><em>ἢ</em></span> <span class='ocrx_word' id='word_1_274' title='bbox 478 3697 608 3778; x_wconf 73' lang='grc' dir='ltr'><strong><em>Φρυγία</em></strong></span> <span class='ocrx_word' id='word_1_275' title='bbox 637 3715 688 3768; x_wconf 91' lang='grc' dir='ltr'><strong>τις</strong></span> <span class='ocrx_word' id='word_1_276' title='bbox 716 3687 736 3778; x_wconf 86' lang='grc' dir='ltr'>ἢ</span> <span class='ocrx_word' id='word_1_277' title='bbox 761 3691 912 3777; x_wconf 83' lang='grc' dir='ltr'><strong><em>Καρικόν</em></strong></span> <span class='ocrx_word' id='word_1_278' title='bbox 937 3716 969 3756; x_wconf 93' lang='grc' dir='ltr'><strong>τι</strong></span> <span class='ocrx_word' id='word_1_279' title='bbox 996 3691 1103 3758; x_wconf 85' lang='grc' dir='ltr'><strong><em>κακὸν</em></strong></span> <span class='ocrx_word' id='word_1_280' title='bbox 1131 3688 1152 3779; x_wconf 80' lang='grc' dir='ltr'><em>ἢ</em></span> <span class='ocrx_word' id='word_1_281' title='bbox 1181 3691 1266 3779; x_wconf 76' lang='grc' dir='ltr'><strong>βάρ-</strong></span> 
     </span>
     <span class='ocr_line' id='line_1_32' title="bbox 128 3790 1265 3883; baseline 0 -23"><span class='ocrx_word' id='word_1_282' title='bbox 128 3801 233 3882; x_wconf 75' lang='grc' dir='ltr'><strong><em>βαρον</em></strong></span> <span class='ocrx_word' id='word_1_283' title='bbox 262 3791 456 3883; x_wconf 80' lang='grc' dir='ltr'><strong><em>Ἑλληνίδας</em></strong></span> <span class='ocrx_word' id='word_1_284' title='bbox 489 3790 586 3882; x_wconf 85' lang='grc' dir='ltr'><strong><em>ήξίον</em></strong></span> <span class='ocrx_word' id='word_1_285' title='bbox 618 3795 759 3860; x_wconf 89' lang='grc' dir='ltr'><strong><em>διοικεῖν</em></strong></span> <span class='ocrx_word' id='word_1_286' title='bbox 791 3793 920 3871; x_wconf 78' lang='grc' dir='ltr'><strong><em>πόλεις.</em></strong></span> <span class='ocrx_word' id='word_1_287' title='bbox 975 3795 1081 3860; x_wconf 90' lang='lat' dir='ltr'><strong>Unum</strong></span> <span class='ocrx_word' id='word_1_288' title='bbox 1115 3796 1265 3862; x_wconf 84' lang='lat' dir='ltr'><strong>mendum</strong></span> 
     </span>
     <span class='ocr_line' id='line_1_33' title="bbox 128 3899 1264 3983; baseline -0.001 -20"><span class='ocrx_word' id='word_1_289' title='bbox 128 3901 165 3963; x_wconf 83' lang='lat' dir='ltr'><strong>A.</strong></span> <span class='ocrx_word' id='word_1_290' title='bbox 197 3900 415 3982; x_wconf 83' lang='lat' dir='ltr'><strong>Kiessiiugius</strong></span> <span class='ocrx_word' id='word_1_291' title='bbox 445 3899 575 3964; x_wconf 86' lang='lat' dir='ltr'><strong>sustulit</strong></span> <span class='ocrx_word' id='word_1_292' title='bbox 609 3899 701 3983; x_wconf 78' lang='lat' dir='ltr'><strong>(Mus.</strong></span> <span class='ocrx_word' id='word_1_293' title='bbox 736 3900 836 3963; x_wconf 85' lang='lat' dir='ltr'><strong>Rhen.</strong></span> <span class='ocrx_word' id='word_1_294' title='bbox 870 3899 983 3963; x_wconf 88' lang='lat' dir='ltr'>XXIII</span> <span class='ocrx_word' id='word_1_295' title='bbox 1012 3920 1043 3982; x_wconf 89' lang='lat' dir='ltr'><strong>p.</strong></span> <span class='ocrx_word' id='word_1_296' title='bbox 1070 3901 1159 3982; x_wconf 71' lang='lat'>253),</span> <span class='ocrx_word' id='word_1_297' title='bbox 1192 3920 1264 3964; x_wconf 91' lang='lat' dir='ltr'><strong>oum</strong></span> 
     </span>
     <span class='ocr_line' id='line_1_34' title="bbox 130 3995 1265 4088; baseline -0.004 -20"><span class='ocrx_word' id='word_1_298' title='bbox 130 4004 294 4069; x_wconf 84' lang='lat' dir='ltr'><strong>verissime</strong></span> <span class='ocrx_word' id='word_1_299' title='bbox 309 4003 466 4088; x_wconf 84' lang='lat' dir='ltr'><strong>Dionysio</strong></span> <span class='ocrx_word' id='word_1_300' title='bbox 489 4001 637 4068; x_wconf 79' lang='lat' dir='ltr'><strong>redderet</strong></span> <span class='ocrx_word' id='word_1_301' title='bbox 661 3995 849 4088; x_wconf 82' lang='grc' dir='ltr'><strong><em>ἀφικομένη</em></strong></span> <span class='ocrx_word' id='word_1_302' title='bbox 874 4007 915 4065; x_wconf 84' lang='lat' dir='ltr'><em>M</em></span> <span class='ocrx_word' id='word_1_303' title='bbox 922 3998 999 4088; x_wconf 79' lang='grc' dir='ltr'><strong>ἀση</strong></span> <span class='ocrx_word' id='word_1_304' title='bbox 1023 3997 1043 4087; x_wconf 84' lang='grc' dir='ltr'><em>ἢ</em></span> <span class='ocrx_word' id='word_1_305' title='bbox 1068 4005 1198 4086; x_wconf 77' lang='grc' dir='ltr'><strong><em>Φρυγία</em></strong></span> <span class='ocrx_word' id='word_1_306' title='bbox 1215 4024 1265 4075; x_wconf 94' lang='grc' dir='ltr'><strong>τις</strong></span> 
     </span>
     <span class='ocr_line' id='line_1_35' title="bbox 129 4089 1262 4189; baseline -0.001 -22"><span class='ocrx_word' id='word_1_307' title='bbox 129 4106 209 4187; x_wconf 68' lang='lat' dir='ltr'><strong>aa,</strong></span> <span class='ocrx_word' id='word_1_308' title='bbox 247 4107 287 4172; x_wconf 82' lang='lat' dir='ltr'>a.</span> <span class='ocrx_word' id='word_1_309' title='bbox 313 4105 383 4171; x_wconf 75' lang='grc'><strong>011.</strong></span> <span class='ocrx_word' id='word_1_310' title='bbox 405 4104 533 4170; x_wconf 74' lang='lat' dir='ltr'><strong>eras</strong></span> <span class='ocrx_word' id='word_1_311' title='bbox 556 4105 630 4188; x_wconf 79' lang='lat'><strong>§25</strong></span> <span class='ocrx_word' id='word_1_312' title='bbox 676 4107 790 4189; x_wconf 65' lang='lat' dir='ltr'><strong>aaa</strong></span> <span class='ocrx_word' id='word_1_313' title='bbox 808 4105 904 4169; x_wconf 76' lang='lat' dir='ltr'><strong>eea</strong></span> <span class='ocrx_word' id='word_1_314' title='bbox 927 4089 958 4167; x_wconf 72' lang='lat' dir='ltr'><strong>a</strong></span> <span class='ocrx_word' id='word_1_315' title='bbox 972 4104 1117 4189; x_wconf 60' lang='lat' dir='ltr'>earm</span> <span class='ocrx_word' id='word_1_316' title='bbox 1138 4113 1169 4167; x_wconf 81' lang='lat' dir='ltr'><strong>a</strong></span> <span class='ocrx_word' id='word_1_317' title='bbox 1187 4106 1262 4186; x_wconf 74' lang='lat' dir='ltr'><strong>My-</strong></span> 
     </span>
     <span class='ocr_line' id='line_1_36' title="bbox 131 4207 1264 4294; baseline -0.002 -24"><span class='ocrx_word' id='word_1_318' title='bbox 131 4209 186 4288; x_wconf 81' lang='lat' dir='ltr'>sia,</span> <span class='ocrx_word' id='word_1_319' title='bbox 213 4211 296 4294; x_wconf 85' lang='lat' dir='ltr'>qaod</span> <span class='ocrx_word' id='word_1_320' title='bbox 316 4209 442 4271; x_wconf 80' lang='lat' dir='ltr'><strong>miae&#39;me</strong></span> <span class='ocrx_word' id='word_1_321' title='bbox 458 4208 581 4291; x_wconf 78' lang='lat' dir='ltr'><strong>politae</strong></span> <span class='ocrx_word' id='word_1_322' title='bbox 596 4208 783 4292; x_wconf 78' lang='lat' dir='ltr'><strong>minimeque</strong></span> <span class='ocrx_word' id='word_1_323' title='bbox 798 4209 953 4292; x_wconf 72' lang='lat' dir='ltr'><strong>elepantos</strong></span> <span class='ocrx_word' id='word_1_324' title='bbox 975 4216 1058 4288; x_wconf 81' lang='lat' dir='ltr'>sant,</span> <span class='ocrx_word' id='word_1_325' title='bbox 1087 4207 1264 4269; x_wconf 73' lang='grc'><strong>0011001001</strong></span> 
     </span>
     <span class='ocr_line' id='line_1_37' title="bbox 130 4310 1264 4394; baseline -0.002 -22"><span class='ocrx_word' id='word_1_326' title='bbox 130 4320 234 4392; x_wconf 79' lang='lat' dir='ltr'>uptam</span> <span class='ocrx_word' id='word_1_327' title='bbox 262 4313 328 4374; x_wconf 77' lang='lat' dir='ltr'><strong>sais</strong></span> <span class='ocrx_word' id='word_1_328' title='bbox 359 4311 489 4373; x_wconf 79' lang='lat' dir='ltr'>aara&#39;daa</span> <span class='ocrx_word' id='word_1_329' title='bbox 519 4311 655 4394; x_wconf 75' lang='lat' dir='ltr'>opimam</span> <span class='ocrx_word' id='word_1_330' title='bbox 685 4312 839 4394; x_wconf 79' lang='lat' dir='ltr'><strong>quoddam</strong></span> <span class='ocrx_word' id='word_1_331' title='bbox 872 4319 902 4372; x_wconf 82' lang='grc'><strong>01</strong></span> <span class='ocrx_word' id='word_1_332' title='bbox 930 4318 1086 4392; x_wconf 74' lang='lat' dir='ltr'>tamquam</span> <span class='ocrx_word' id='word_1_333' title='bbox 1116 4310 1264 4390; x_wconf 80' lang='lat' dir='ltr'><strong>adipatae</strong></span> 
     </span>
    </p>
   </div>
   <div class='ocr_carea' id='block_1_6' title="bbox 0 0 1597 5136">
    <p class='ocr_par' dir='ltr' id='par_1_7' title="bbox 0 0 1597 5136">
     <span class='ocr_line' id='line_1_38' title="bbox 0 0 1597 5136; baseline 0 0"><span class='ocrx_word' id='word_1_334' title='bbox 0 0 1597 5136; x_wconf 95' lang='lat' dir='ltr'><strong> </strong></span> 
     </span>
    </p>
   </div>
  </div>
 </body>
</html>
