<?xml version="1.0" encoding="UTF-8"?>
<!DOCTYPE html PUBLIC "-//W3C//DTD XHTML 1.0 Transitional//EN"
    "http://www.w3.org/TR/xhtml1/DTD/xhtml1-transitional.dtd">
<html xmlns="http://www.w3.org/1999/xhtml" xml:lang="en" lang="en">
 <head>
  <title>
</title>
<meta http-equiv="Content-Type" content="text/html;charset=utf-8" />
  <meta name='ocr-system' content='tesseract 3.04.00' />
  <meta name='ocr-capabilities' content='ocr_page ocr_carea ocr_par ocr_line ocrx_word'/>
</head>
<body>
  <div class='ocr_page' id='page_1' title='image "./dedionysiihalic00sadgoog_0189.png"; bbox 0 0 3182 5136; ppageno 0'>
   <div class='ocr_carea' id='block_1_1' title="bbox 248 389 947 472">
    <p class='ocr_par' dir='ltr' id='par_1_1' title="bbox 248 389 947 472">
     <span class='ocr_line' id='line_1_1' title="bbox 248 389 947 472; baseline -0.003 -18"><span class='ocrx_word' id='word_1_1' title='bbox 248 393 307 454; x_wconf 85' lang='lat'><strong><em>184</em></strong></span> <span class='ocrx_word' id='word_1_2' title='bbox 680 425 724 435; x_wconf 93' lang='lat'>-</span> <span class='ocrx_word' id='word_1_3' title='bbox 771 389 855 472; x_wconf 71' lang='lat' dir='ltr'>[sss]</span> <span class='ocrx_word' id='word_1_4' title='bbox 903 424 947 436; x_wconf 90' lang='grc'>-</span> 
     </span>
    </p>
   </div>
   <div class='ocr_carea' id='block_1_2' title="bbox 242 569 1392 1296">
    <p class='ocr_par' dir='ltr' id='par_1_2' title="bbox 242 569 1392 1296">
     <span class='ocr_line' id='line_1_2' title="bbox 242 569 1388 664; baseline -0.003 -21"><span class='ocrx_word' id='word_1_5' title='bbox 242 581 370 643; x_wconf 67' lang='grc'>9924233</span> <span class='ocrx_word' id='word_1_6' title='bbox 388 571 511 664; x_wconf 81' lang='grc' dir='ltr'><strong><em>ἡδονῆς</em></strong></span> <span class='ocrx_word' id='word_1_7' title='bbox 527 569 560 642; x_wconf 77' lang='grc' dir='ltr'><strong><em>δ’</em></strong></span> <span class='ocrx_word' id='word_1_8' title='bbox 576 573 642 663; x_wconf 76' lang='grc' dir='ltr'><strong><em>ἄρα</em></strong></span> <span class='ocrx_word' id='word_1_9' title='bbox 657 575 715 640; x_wconf 83' lang='grc' dir='ltr'><strong><em>καί</em></strong></span> <span class='ocrx_word' id='word_1_10' title='bbox 730 580 878 653; x_wconf 76' lang='grc' dir='ltr'><strong><em>πειθοῦς</em></strong></span> <span class='ocrx_word' id='word_1_11' title='bbox 893 577 951 641; x_wconf 86' lang='grc' dir='ltr'><strong><em>καὶ</em></strong></span> <span class='ocrx_word' id='word_1_12' title='bbox 965 581 1114 663; x_wconf 75' lang='grc' dir='ltr'><strong><em>χαρίτων</em></strong></span> <span class='ocrx_word' id='word_1_13' title='bbox 1129 582 1250 663; x_wconf 82' lang='grc' dir='ltr'><em>καιροῦ</em></span> <span class='ocrx_word' id='word_1_14' title='bbox 1271 599 1308 641; x_wconf 91' lang='grc' dir='ltr'><strong><em>τε</em></strong></span> <span class='ocrx_word' id='word_1_15' title='bbox 1330 577 1388 640; x_wconf 83' lang='grc' dir='ltr'><strong><em>καί</em></strong></span> 
     </span>
     <span class='ocr_line' id='line_1_3' title="bbox 243 667 1388 766; baseline 0 -22"><span class='ocrx_word' id='word_1_16' title='bbox 243 686 310 746; x_wconf 86' lang='grc' dir='ltr'><strong><em>τῶν</em></strong></span> <span class='ocrx_word' id='word_1_17' title='bbox 332 673 454 761; x_wconf 71' lang='grc' dir='ltr'><strong><em>ἄλλων,</em></strong></span> <span class='ocrx_word' id='word_1_18' title='bbox 488 676 621 744; x_wconf 79' lang='grc' dir='ltr'><strong><em>ἃπᾶσι</em></strong></span> <span class='ocrx_word' id='word_1_19' title='bbox 642 689 713 755; x_wconf 88' lang='grc' dir='ltr'><strong><em>τοῖς</em></strong></span> <span class='ocrx_word' id='word_1_20' title='bbox 736 685 927 756; x_wconf 82' lang='grc' dir='ltr'><strong><em>Λυσιακοῖς</em></strong></span> <span class='ocrx_word' id='word_1_21' title='bbox 951 677 1101 745; x_wconf 75' lang='grc' dir='ltr'><strong><em>ἐπανθεῖ</em></strong></span> <span class='ocrx_word' id='word_1_22' title='bbox 1126 676 1240 764; x_wconf 87' lang='grc' dir='ltr'><strong><em>λόχοις</em></strong></span> <span class='ocrx_word' id='word_1_23' title='bbox 1250 682 1287 764; x_wconf 81' lang='lat'><strong><em>¹),</em></strong></span> <span class='ocrx_word' id='word_1_24' title='bbox 1322 667 1388 766; x_wconf 80' lang='grc' dir='ltr'><strong><em>ἆρα</em></strong></span> 
     </span>
     <span class='ocr_line' id='line_1_4' title="bbox 245 777 1390 871; baseline -0.002 -21"><span class='ocrx_word' id='word_1_25' title='bbox 245 777 320 865; x_wconf 83' lang='grc' dir='ltr'><strong><em>οῦχλ</em></strong></span> <span class='ocrx_word' id='word_1_26' title='bbox 349 781 458 870; x_wconf 83' lang='grc' dir='ltr'><strong><em>πολλὴ</em></strong></span> <span class='ocrx_word' id='word_1_27' title='bbox 481 793 601 869; x_wconf 88' lang='grc' dir='ltr'><strong><em>μοῖρα;</em></strong></span> <span class='ocrx_word' id='word_1_28' title='bbox 645 786 756 848; x_wconf 75' lang='grc'>107133</span> <span class='ocrx_word' id='word_1_29' title='bbox 787 780 937 850; x_wconf 81' lang='grc' dir='ltr'><strong><em>ἐπανθεῖ</em></strong></span> <span class='ocrx_word' id='word_1_30' title='bbox 963 805 1014 859; x_wconf 91' lang='grc' dir='ltr'><strong><em>τις</em></strong></span> <span class='ocrx_word' id='word_1_31' title='bbox 1045 777 1165 860; x_wconf 87' lang='grc' dir='ltr'><strong><em>αῦταῖς</em></strong></span> <span class='ocrx_word' id='word_1_32' title='bbox 1192 790 1296 865; x_wconf 92' lang='grc' dir='ltr'><strong><em>χνοῦς</em></strong></span> <span class='ocrx_word' id='word_1_33' title='bbox 1327 777 1390 871; x_wconf 79' lang='grc' dir='ltr'><strong><em>σἰρ-</em></strong></span> 
     </span>
     <span class='ocr_line' id='line_1_5' title="bbox 243 880 1390 974; baseline 0.002 -22"><span class='ocrx_word' id='word_1_34' title='bbox 243 885 425 974; x_wconf 80' lang='grc' dir='ltr'><strong><em>χαιοπινὴς</em></strong></span> <span class='ocrx_word' id='word_1_35' title='bbox 446 887 504 951; x_wconf 88' lang='grc' dir='ltr'><strong><em>καί</em></strong></span> <span class='ocrx_word' id='word_1_36' title='bbox 517 883 616 972; x_wconf 85' lang='grc' dir='ltr'><strong><em>χάρις</em></strong></span> <span class='ocrx_word' id='word_1_37' title='bbox 632 880 806 968; x_wconf 80' lang='grc' dir='ltr'><strong><em>ἀβίαστος.</em></strong></span> <span class='ocrx_word' id='word_1_38' title='bbox 853 887 961 952; x_wconf 81' lang='lat' dir='ltr'>Verba</span> <span class='ocrx_word' id='word_1_39' title='bbox 982 887 1040 951; x_wconf 82' lang='grc' dir='ltr'><strong><em>καί</em></strong></span> <span class='ocrx_word' id='word_1_40' title='bbox 1056 880 1140 971; x_wconf 79' lang='grc' dir='ltr'><strong><em>τίςὴ</em></strong></span> <span class='ocrx_word' id='word_1_41' title='bbox 1164 885 1273 971; x_wconf 85' lang='lat' dir='ltr'>aliquo</span> <span class='ocrx_word' id='word_1_42' title='bbox 1291 888 1390 954; x_wconf 86' lang='lat' dir='ltr'><strong>modo</strong></span> 
     </span>
     <span class='ocr_line' id='line_1_6' title="bbox 244 984 1392 1076; baseline -0.001 -19"><span class='ocrx_word' id='word_1_43' title='bbox 244 990 400 1074; x_wconf 85' lang='lat' dir='ltr'>originem</span> <span class='ocrx_word' id='word_1_44' title='bbox 434 989 567 1056; x_wconf 85' lang='lat' dir='ltr'>duxisse</span> <span class='ocrx_word' id='word_1_45' title='bbox 600 989 776 1074; x_wconf 79' lang='lat' dir='ltr'>suspiceris</span> <span class='ocrx_word' id='word_1_46' title='bbox 805 1009 824 1055; x_wconf 93' lang='lat' dir='ltr'>e</span> <span class='ocrx_word' id='word_1_47' title='bbox 854 1012 887 1074; x_wconf 91' lang='lat' dir='ltr'><strong><em>p.</em></strong></span> <span class='ocrx_word' id='word_1_48' title='bbox 912 993 1019 1056; x_wconf 81' lang='lat' dir='ltr'><strong><em>4751ss</em></strong></span> <span class='ocrx_word' id='word_1_49' title='bbox 1053 996 1154 1055; x_wconf 86' lang='grc' dir='ltr'><strong><em>τοῦτο</em></strong></span> <span class='ocrx_word' id='word_1_50' title='bbox 1192 984 1284 1076; x_wconf 81' lang='grc' dir='ltr'><strong><em>κάγὼ</em></strong></span> <span class='ocrx_word' id='word_1_51' title='bbox 1316 1002 1392 1068; x_wconf 86' lang='grc' dir='ltr'><strong><em>τοῖς</em></strong></span> 
     </span>
     <span class='ocr_line' id='line_1_7' title="bbox 244 1087 1390 1181; baseline 0.002 -23"><span class='ocrx_word' id='word_1_52' title='bbox 244 1088 512 1179; x_wconf 79' lang='grc' dir='ltr'><strong><em>ἀναγινώσκουσι</em></strong></span> <span class='ocrx_word' id='word_1_53' title='bbox 540 1089 601 1159; x_wconf 89' lang='grc' dir='ltr'><strong><em>τὸν</em></strong></span> <span class='ocrx_word' id='word_1_54' title='bbox 621 1095 763 1158; x_wconf 81' lang='grc' dir='ltr'><strong><em>Λυσίαν</em></strong></span> <span class='ocrx_word' id='word_1_55' title='bbox 791 1093 862 1157; x_wconf 85' lang='grc' dir='ltr'><strong><em>καί</em></strong></span> <span class='ocrx_word' id='word_1_56' title='bbox 891 1097 954 1169; x_wconf 91' lang='grc' dir='ltr'><strong><em>τίς</em></strong></span> <span class='ocrx_word' id='word_1_57' title='bbox 981 1087 1001 1178; x_wconf 79' lang='grc' dir='ltr'><em>ἡ</em></span> <span class='ocrx_word' id='word_1_58' title='bbox 1025 1087 1112 1180; x_wconf 74' lang='grc' dir='ltr'><strong><em>παρ’</em></strong></span> <span class='ocrx_word' id='word_1_59' title='bbox 1139 1087 1230 1179; x_wconf 81' lang='grc' dir='ltr'><strong><em>αὐτῷ</em></strong></span> <span class='ocrx_word' id='word_1_60' title='bbox 1258 1091 1390 1181; x_wconf 84' lang='grc' dir='ltr'><strong><em>χάρις</em></strong></span> 
     </span>
     <span class='ocr_line' id='line_1_8' title="bbox 245 1189 1240 1296; baseline -0.002 -33"><span class='ocrx_word' id='word_1_61' title='bbox 245 1195 317 1263; x_wconf 76' lang='grc' dir='ltr'><strong><em>ἐστὶ</em></strong></span> <span class='ocrx_word' id='word_1_62' title='bbox 338 1197 559 1279; x_wconf 77' lang='grc' dir='ltr'><strong><em>βουλομένοις</em></strong></span> <span class='ocrx_word' id='word_1_63' title='bbox 580 1200 710 1278; x_wconf 88' lang='grc' dir='ltr'><strong><em>μαθεῖν</em></strong></span> <span class='ocrx_word' id='word_1_64' title='bbox 731 1189 929 1284; x_wconf 71' lang='grc' dir='ltr'><strong><em>όποθείμην</em></strong></span> <span class='ocrx_word' id='word_1_65' title='bbox 953 1190 995 1262; x_wconf 77' lang='grc' dir='ltr'><strong><em>ἂν</em></strong></span> <span class='ocrx_word' id='word_1_66' title='bbox 1018 1193 1240 1296; x_wconf 78' lang='grc' dir='ltr'><strong><em>ἐπιτηδεύειν.</em></strong></span> 
     </span>
    </p>
   </div>
   <div class='ocr_carea' id='block_1_3' title="bbox 245 1310 1394 4084">
    <p class='ocr_par' dir='ltr' id='par_1_3' title="bbox 245 1310 1393 1710">
     <span class='ocr_line' id='line_1_9' title="bbox 330 1310 1392 1403; baseline 0.005 -25"><span class='ocrx_word' id='word_1_67' title='bbox 330 1336 363 1400; x_wconf 94' lang='lat' dir='ltr'><strong><em>p.</em></strong></span> <span class='ocrx_word' id='word_1_68' title='bbox 382 1319 489 1380; x_wconf 77' lang='grc'>478333</span> <span class='ocrx_word' id='word_1_69' title='bbox 517 1315 609 1399; x_wconf 85' lang='lat' dir='ltr'>legas</span> <span class='ocrx_word' id='word_1_70' title='bbox 643 1311 791 1397; x_wconf 84' lang='grc' dir='ltr'><strong><em>μάλιστα</em></strong></span> <span class='ocrx_word' id='word_1_71' title='bbox 821 1310 855 1381; x_wconf 76' lang='grc' dir='ltr'><strong><em>δ’</em></strong></span> <span class='ocrx_word' id='word_1_72' title='bbox 878 1313 1007 1400; x_wconf 85' lang='grc' dir='ltr'><strong><em>ἒχένετό</em></strong></span> <span class='ocrx_word' id='word_1_73' title='bbox 1042 1340 1102 1399; x_wconf 94' lang='grc' dir='ltr'><strong><em>μοι</em></strong></span> <span class='ocrx_word' id='word_1_74' title='bbox 1134 1317 1392 1403; x_wconf 79' lang='grc' dir='ltr'><strong><em>καταφανὲς</em></strong></span> 
     </span>
     <span class='ocr_line' id='line_1_10' title="bbox 249 1411 1390 1508; baseline 0.001 -25"><span class='ocrx_word' id='word_1_75' title='bbox 249 1416 458 1504; x_wconf 80' lang='grc' dir='ltr'><strong><em>[καταφανὴς</em></strong></span> <span class='ocrx_word' id='word_1_76' title='bbox 480 1419 531 1502; x_wconf 60' lang='lat' dir='ltr'><strong><em>Rp,</em></strong></span> <span class='ocrx_word' id='word_1_77' title='bbox 567 1411 620 1483; x_wconf 85' lang='grc' dir='ltr'><strong><em>ότι</em></strong></span> <span class='ocrx_word' id='word_1_78' title='bbox 650 1411 711 1500; x_wconf 84' lang='grc' dir='ltr'><strong><em>οῦχ</em></strong></span> <span class='ocrx_word' id='word_1_79' title='bbox 739 1412 805 1484; x_wconf 78' lang='grc' dir='ltr'><strong><em>ὑπ’</em></strong></span> <span class='ocrx_word' id='word_1_80' title='bbox 832 1416 961 1486; x_wconf 80' lang='grc' dir='ltr'><strong><em>ἐκείνου</em></strong></span> <span class='ocrx_word' id='word_1_81' title='bbox 991 1426 1052 1485; x_wconf 90' lang='grc' dir='ltr'><strong><em>τοῦ</em></strong></span> <span class='ocrx_word' id='word_1_82' title='bbox 1082 1417 1223 1507; x_wconf 79' lang='grc' dir='ltr'><strong><em>ῥήτορος</em></strong></span> <span class='ocrx_word' id='word_1_83' title='bbox 1254 1417 1390 1508; x_wconf 78' lang='grc' dir='ltr'><em>ἐγράφη</em></span> 
     </span>
     <span class='ocr_line' id='line_1_11' title="bbox 248 1515 1393 1610; baseline 0.002 -22"><span class='ocrx_word' id='word_1_84' title='bbox 248 1525 304 1605; x_wconf 83' lang='lat' dir='ltr'><strong><em>(se.</em></strong></span> <span class='ocrx_word' id='word_1_85' title='bbox 325 1515 440 1608; x_wconf 72' lang='lat' dir='ltr'>sinapi</span> <span class='ocrx_word' id='word_1_86' title='bbox 460 1527 520 1605; x_wconf 79' lang='grc' dir='ltr'><strong><em>τῆς</em></strong></span> <span class='ocrx_word' id='word_1_87' title='bbox 538 1515 752 1608; x_wconf 85' lang='grc' dir='ltr'><strong><em>Ἰφικράτους</em></strong></span> <span class='ocrx_word' id='word_1_88' title='bbox 775 1519 905 1599; x_wconf 81' lang='grc' dir='ltr'><strong><em>εἰκόνος</em></strong></span> <span class='ocrx_word' id='word_1_89' title='bbox 920 1519 1029 1608; x_wconf 83' lang='grc' dir='ltr'><strong><em>λόχος)</em></strong></span> <span class='ocrx_word' id='word_1_90' title='bbox 1050 1521 1130 1600; x_wconf 83' lang='grc' dir='ltr'><strong><em>τοῦς</em></strong></span> <span class='ocrx_word' id='word_1_91' title='bbox 1142 1521 1288 1610; x_wconf 91' lang='grc' dir='ltr'><strong><em>χρόνους</em></strong></span> <span class='ocrx_word' id='word_1_92' title='bbox 1304 1518 1393 1591; x_wconf 83' lang='grc' dir='ltr'><strong><em>ἂνα-</em></strong></span> 
     </span>
     <span class='ocr_line' id='line_1_12' title="bbox 245 1627 469 1710; baseline -0.009 -20"><span class='ocrx_word' id='word_1_93' title='bbox 245 1627 469 1710; x_wconf 83' lang='grc' dir='ltr'><strong><em>λοχισαμένῳ.</em></strong></span> 
     </span>
    </p>

    <p class='ocr_par' dir='ltr' id='par_1_4' title="bbox 245 1723 1394 4084">
     <span class='ocr_line' id='line_1_13' title="bbox 331 1723 1392 1815; baseline 0.002 -25"><span class='ocrx_word' id='word_1_94' title='bbox 331 1749 364 1813; x_wconf 91' lang='lat' dir='ltr'><strong><em>p.</em></strong></span> <span class='ocrx_word' id='word_1_95' title='bbox 383 1731 505 1794; x_wconf 81' lang='lat' dir='ltr'><strong><em>48110ss</em></strong></span> <span class='ocrx_word' id='word_1_96' title='bbox 531 1725 578 1791; x_wconf 87' lang='grc' dir='ltr'><strong><em>Τὸ</em></strong></span> <span class='ocrx_word' id='word_1_97' title='bbox 602 1723 782 1813; x_wconf 85' lang='grc' dir='ltr'><strong><em>κράτιστόν</em></strong></span> <span class='ocrx_word' id='word_1_98' title='bbox 806 1725 878 1793; x_wconf 74' lang='grc' dir='ltr'><strong><em>ἐστι</em></strong></span> <span class='ocrx_word' id='word_1_99' title='bbox 891 1733 957 1794; x_wconf 84' lang='grc' dir='ltr'><strong><em>τῶν</em></strong></span> <span class='ocrx_word' id='word_1_100' title='bbox 971 1731 1109 1793; x_wconf 92' lang='grc' dir='ltr'><strong><em>Λυσίου</em></strong></span> <span class='ocrx_word' id='word_1_101' title='bbox 1129 1725 1237 1815; x_wconf 81' lang='grc' dir='ltr'><strong><em>ἐ’ρχων</em></strong></span> <span class='ocrx_word' id='word_1_102' title='bbox 1252 1729 1310 1794; x_wconf 83' lang='grc' dir='ltr'><strong><em>καὶ</em></strong></span> <span class='ocrx_word' id='word_1_103' title='bbox 1325 1753 1392 1811; x_wconf 89' lang='grc' dir='ltr'><strong><em>χα-</em></strong></span> 
     </span>
     <span class='ocr_line' id='line_1_14' title="bbox 246 1823 1393 1918; baseline 0.001 -23"><span class='ocrx_word' id='word_1_104' title='bbox 246 1827 621 1917; x_wconf 60' lang='grc' dir='ltr'><strong><em>ρακτηριστικώτατονῖ)</em></strong></span> <span class='ocrx_word' id='word_1_105' title='bbox 649 1836 687 1893; x_wconf 79' lang='grc' dir='ltr'><strong><em>τῦ</em></strong></span> <span class='ocrx_word' id='word_1_106' title='bbox 691 1852 708 1906; x_wconf 94' lang='grc' dir='ltr'><strong><em>ς</em></strong></span> <span class='ocrx_word' id='word_1_107' title='bbox 731 1827 906 1912; x_wconf 81' lang='grc' dir='ltr'><strong><em>δυνάμεως</em></strong></span> <span class='ocrx_word' id='word_1_108' title='bbox 928 1823 1138 1918; x_wconf 79' lang='grc' dir='ltr'><strong><em>ἡκοσμοῦσό</em></strong></span> <span class='ocrx_word' id='word_1_109' title='bbox 1159 1832 1266 1896; x_wconf 82' lang='grc' dir='ltr'><strong><em>τεκαὶ</em></strong></span> <span class='ocrx_word' id='word_1_110' title='bbox 1284 1825 1393 1897; x_wconf 80' lang='grc' dir='ltr'><strong><em>ἀνθί-</em></strong></span> 
     </span>
     <span class='ocr_line' id='line_1_15' title="bbox 247 1927 1393 2021; baseline 0.001 -23"><span class='ocrx_word' id='word_1_111' title='bbox 247 1933 351 2012; x_wconf 90' lang='grc' dir='ltr'><strong><em>ζουσα</em></strong></span> <span class='ocrx_word' id='word_1_112' title='bbox 374 1929 435 2020; x_wconf 82' lang='grc' dir='ltr'><strong><em>τὴν</em></strong></span> <span class='ocrx_word' id='word_1_113' title='bbox 457 1934 549 2012; x_wconf 79' lang='grc' dir='ltr'><strong><em>λέξιν</em></strong></span> <span class='ocrx_word' id='word_1_114' title='bbox 571 1927 676 1998; x_wconf 75' lang='grc' dir='ltr'><strong><em>αὐτοῦ</em></strong></span> <span class='ocrx_word' id='word_1_115' title='bbox 697 1931 795 2018; x_wconf 88' lang='grc' dir='ltr'><strong><em>χάρις</em></strong></span> <span class='ocrx_word' id='word_1_116' title='bbox 817 1933 901 1998; x_wconf 89' lang='lat' dir='ltr'><strong><em>FM:</em></strong></span> <span class='ocrx_word' id='word_1_117' title='bbox 933 1930 1056 1998; x_wconf 84' lang='grc' dir='ltr'><strong><em>καὶτὸ</em></strong></span> <span class='ocrx_word' id='word_1_118' title='bbox 1079 1933 1393 2021; x_wconf 90' lang='grc' dir='ltr'><strong><em>χαρακτηριστικώ-</em></strong></span> 
     </span>
     <span class='ocr_line' id='line_1_16' title="bbox 245 2035 1391 2121; baseline 0.003 -21"><span class='ocrx_word' id='word_1_119' title='bbox 245 2058 349 2101; x_wconf 86' lang='grc' dir='ltr'><strong><em>τατον</em></strong></span> <span class='ocrx_word' id='word_1_120' title='bbox 370 2037 409 2101; x_wconf 86' lang='lat' dir='ltr'><strong><em>R.</em></strong></span> <span class='ocrx_word' id='word_1_121' title='bbox 456 2036 521 2102; x_wconf 84' lang='lat' dir='ltr'><strong><em>Aut</em></strong></span> <span class='ocrx_word' id='word_1_122' title='bbox 542 2037 674 2120; x_wconf 82' lang='lat' dir='ltr'>volgata</span> <span class='ocrx_word' id='word_1_123' title='bbox 700 2037 796 2102; x_wconf 81' lang='lat' dir='ltr'>lectio</span> <span class='ocrx_word' id='word_1_124' title='bbox 823 2035 1008 2121; x_wconf 83' lang='lat' dir='ltr'>recipienda</span> <span class='ocrx_word' id='word_1_125' title='bbox 1030 2043 1080 2102; x_wconf 85' lang='lat' dir='ltr'><strong><em>est</em></strong></span> <span class='ocrx_word' id='word_1_126' title='bbox 1102 2043 1167 2119; x_wconf 85' lang='lat' dir='ltr'>aut,</span> <span class='ocrx_word' id='word_1_127' title='bbox 1200 2037 1228 2102; x_wconf 93' lang='lat' dir='ltr'>si</span> <span class='ocrx_word' id='word_1_128' title='bbox 1258 2037 1391 2105; x_wconf 87' lang='lat' dir='ltr'>eodiees</span> 
     </span>
     <span class='ocr_line' id='line_1_17' title="bbox 245 2136 1386 2225; baseline 0.002 -21"><span class='ocrx_word' id='word_1_129' title='bbox 245 2138 417 2222; x_wconf 85' lang='lat' dir='ltr'>sequimur,</span> <span class='ocrx_word' id='word_1_130' title='bbox 437 2139 536 2204; x_wconf 87' lang='lat' dir='ltr'>verba</span> <span class='ocrx_word' id='word_1_131' title='bbox 550 2145 609 2225; x_wconf 82' lang='grc' dir='ltr'><strong><em>τῆς</em></strong></span> <span class='ocrx_word' id='word_1_132' title='bbox 624 2136 799 2220; x_wconf 81' lang='grc' dir='ltr'><strong><em>δυνάμεως</em></strong></span> <span class='ocrx_word' id='word_1_133' title='bbox 814 2138 954 2204; x_wconf 89' lang='lat' dir='ltr'>delenda</span> <span class='ocrx_word' id='word_1_134' title='bbox 969 2145 1054 2205; x_wconf 84' lang='lat' dir='ltr'>sunt.</span> <span class='ocrx_word' id='word_1_135' title='bbox 1089 2137 1261 2217; x_wconf 80' lang='lat' dir='ltr'>Quaeritur</span> <span class='ocrx_word' id='word_1_136' title='bbox 1274 2140 1386 2224; x_wconf 83' lang='lat' dir='ltr'>igitur,</span> 
     </span>
     <span class='ocr_line' id='line_1_18' title="bbox 245 2229 1391 2327; baseline 0.003 -20"><span class='ocrx_word' id='word_1_137' title='bbox 245 2229 351 2307; x_wconf 71' lang='grc' dir='ltr'><strong><em>σίτοιό</em></strong></span> <span class='ocrx_word' id='word_1_138' title='bbox 373 2241 526 2307; x_wconf 84' lang='lat' dir='ltr'>idoneum</span> <span class='ocrx_word' id='word_1_139' title='bbox 541 2261 672 2308; x_wconf 88' lang='lat' dir='ltr'>sensum</span> <span class='ocrx_word' id='word_1_140' title='bbox 695 2242 777 2308; x_wconf 86' lang='lat' dir='ltr'>haee</span> <span class='ocrx_word' id='word_1_141' title='bbox 798 2243 976 2327; x_wconf 70' lang='lat' dir='ltr'>praebeant</span> <span class='ocrx_word' id='word_1_142' title='bbox 990 2261 1102 2308; x_wconf 80' lang='lat' dir='ltr'>necne.</span> <span class='ocrx_word' id='word_1_143' title='bbox 1143 2244 1277 2309; x_wconf 87' lang='lat' dir='ltr'>Prorsus</span> <span class='ocrx_word' id='word_1_144' title='bbox 1298 2243 1391 2310; x_wconf 86' lang='lat' dir='ltr'>idem</span> 
     </span>
     <span class='ocr_line' id='line_1_19' title="bbox 245 2341 1389 2430; baseline 0.003 -20"><span class='ocrx_word' id='word_1_145' title='bbox 245 2345 357 2410; x_wconf 88' lang='lat' dir='ltr'>volunt</span> <span class='ocrx_word' id='word_1_146' title='bbox 378 2351 474 2427; x_wconf 87' lang='lat' dir='ltr'>atque</span> <span class='ocrx_word' id='word_1_147' title='bbox 495 2345 553 2408; x_wconf 88' lang='lat' dir='ltr'>illa</span> <span class='ocrx_word' id='word_1_148' title='bbox 573 2341 615 2408; x_wconf 85' lang='grc' dir='ltr'><strong><em>τὰ</em></strong></span> <span class='ocrx_word' id='word_1_149' title='bbox 629 2348 767 2410; x_wconf 89' lang='grc' dir='ltr'><strong><em>Λυσίου</em></strong></span> <span class='ocrx_word' id='word_1_150' title='bbox 782 2343 882 2430; x_wconf 76' lang='grc' dir='ltr'><strong><em>ίρχαε</em></strong></span> <span class='ocrx_word' id='word_1_151' title='bbox 908 2345 967 2411; x_wconf 89' lang='lat' dir='ltr'><strong><em>sed</em></strong></span> <span class='ocrx_word' id='word_1_152' title='bbox 981 2344 1062 2411; x_wconf 88' lang='lat' dir='ltr'>haee</span> <span class='ocrx_word' id='word_1_153' title='bbox 1077 2346 1177 2412; x_wconf 84' lang='lat' dir='ltr'>verba</span> <span class='ocrx_word' id='word_1_154' title='bbox 1193 2347 1389 2430; x_wconf 68' lang='lat' dir='ltr'>exquisitius</span> 
     </span>
     <span class='ocr_line' id='line_1_20' title="bbox 245 2446 1389 2534; baseline 0.002 -20"><span class='ocrx_word' id='word_1_155' title='bbox 245 2448 332 2514; x_wconf 84' lang='lat' dir='ltr'>dieta</span> <span class='ocrx_word' id='word_1_156' title='bbox 353 2454 428 2513; x_wconf 89' lang='lat' dir='ltr'>sunt</span> <span class='ocrx_word' id='word_1_157' title='bbox 449 2453 546 2530; x_wconf 83' lang='lat' dir='ltr'>atque</span> <span class='ocrx_word' id='word_1_158' title='bbox 569 2446 610 2513; x_wconf 89' lang='lat' dir='ltr'><strong><em>de</em></strong></span> <span class='ocrx_word' id='word_1_159' title='bbox 633 2447 752 2533; x_wconf 84' lang='lat' dir='ltr'>Lysiae</span> <span class='ocrx_word' id='word_1_160' title='bbox 774 2448 946 2514; x_wconf 83' lang='lat' dir='ltr'>virtutibus</span> <span class='ocrx_word' id='word_1_161' title='bbox 968 2448 1071 2534; x_wconf 89' lang='lat' dir='ltr'>primo</span> <span class='ocrx_word' id='word_1_162' title='bbox 1099 2448 1160 2515; x_wconf 88' lang='lat' dir='ltr'><strong><em>hoe</em></strong></span> <span class='ocrx_word' id='word_1_163' title='bbox 1189 2449 1260 2515; x_wconf 84' lang='lat' dir='ltr'>loeo</span> <span class='ocrx_word' id='word_1_164' title='bbox 1290 2471 1389 2516; x_wconf 90' lang='lat' dir='ltr'>usur-</span> 
     </span>
     <span class='ocr_line' id='line_1_21' title="bbox 245 2548 1392 2636; baseline 0.004 -21"><span class='ocrx_word' id='word_1_165' title='bbox 245 2557 371 2636; x_wconf 84' lang='lat' dir='ltr'>pantur,</span> <span class='ocrx_word' id='word_1_166' title='bbox 399 2557 508 2616; x_wconf 83' lang='lat' dir='ltr'>eontra</span> <span class='ocrx_word' id='word_1_167' title='bbox 531 2548 674 2632; x_wconf 80' lang='grc' dir='ltr'><strong><em>δύναμις</em></strong></span> <span class='ocrx_word' id='word_1_168' title='bbox 695 2551 815 2616; x_wconf 86' lang='lat' dir='ltr'>usitata</span> <span class='ocrx_word' id='word_1_169' title='bbox 844 2557 894 2616; x_wconf 86' lang='lat' dir='ltr'><strong><em>est</em></strong></span> <span class='ocrx_word' id='word_1_170' title='bbox 923 2571 985 2617; x_wconf 84' lang='lat' dir='ltr'><strong><em>vox</em></strong></span> <span class='ocrx_word' id='word_1_171' title='bbox 1014 2556 1046 2616; x_wconf 86' lang='lat' dir='ltr'><strong><em>et</em></strong></span> <span class='ocrx_word' id='word_1_172' title='bbox 1075 2551 1222 2636; x_wconf 84' lang='lat' dir='ltr'>singulas</span> <span class='ocrx_word' id='word_1_173' title='bbox 1251 2551 1392 2621; x_wconf 83' lang='lat' dir='ltr'>virtutes</span> 
     </span>
     <span class='ocr_line' id='line_1_22' title="bbox 246 2647 1394 2742; baseline 0.002 -22"><span class='ocrx_word' id='word_1_174' title='bbox 246 2652 431 2736; x_wconf 75' lang='lat' dir='ltr'>significans</span> <span class='ocrx_word' id='word_1_175' title='bbox 446 2653 548 2719; x_wconf 85' lang='lat' dir='ltr'>veluti</span> <span class='ocrx_word' id='word_1_176' title='bbox 569 2673 602 2738; x_wconf 93' lang='lat' dir='ltr'><strong><em>p.</em></strong></span> <span class='ocrx_word' id='word_1_177' title='bbox 620 2656 712 2718; x_wconf 71' lang='grc'>47353</span> <span class='ocrx_word' id='word_1_178' title='bbox 736 2647 820 2718; x_wconf 79' lang='grc' dir='ltr'><strong><em>ὥστε</em></strong></span> <span class='ocrx_word' id='word_1_179' title='bbox 836 2653 868 2718; x_wconf 80' lang='lat' dir='ltr'>s&#39;e&#39;</span> <span class='ocrx_word' id='word_1_180' title='bbox 881 2677 932 2730; x_wconf 90' lang='grc' dir='ltr'><strong><em>τις</em></strong></span> <span class='ocrx_word' id='word_1_181' title='bbox 949 2647 1057 2740; x_wconf 78' lang='grc' dir='ltr'><strong><em>ἀξιοίη</em></strong></span> <span class='ocrx_word' id='word_1_182' title='bbox 1074 2650 1164 2738; x_wconf 83' lang='grc' dir='ltr'><strong><em>λόχῳ</em></strong></span> <span class='ocrx_word' id='word_1_183' title='bbox 1180 2654 1394 2742; x_wconf 79' lang='grc' dir='ltr'><strong><em>διδαχθῆναι</em></strong></span> 
     </span>
     <span class='ocr_line' id='line_1_23' title="bbox 246 2750 1393 2843; baseline 0.004 -23"><span class='ocrx_word' id='word_1_184' title='bbox 246 2753 371 2843; x_wconf 82' lang='grc' dir='ltr'><strong><em>ταύτην</em></strong></span> <span class='ocrx_word' id='word_1_185' title='bbox 393 2754 454 2843; x_wconf 80' lang='grc' dir='ltr'><strong><em>τὴν</em></strong></span> <span class='ocrx_word' id='word_1_186' title='bbox 476 2753 631 2839; x_wconf 78' lang='grc' dir='ltr'><strong><em>δύναμιν,</em></strong></span> <span class='ocrx_word' id='word_1_187' title='bbox 654 2750 727 2843; x_wconf 77' lang='grc' dir='ltr'><strong><em>ἥτις</em></strong></span> <span class='ocrx_word' id='word_1_188' title='bbox 750 2750 829 2821; x_wconf 79' lang='grc' dir='ltr'><strong><em>πότ’</em></strong></span> <span class='ocrx_word' id='word_1_189' title='bbox 857 2755 948 2823; x_wconf 78' lang='grc' dir='ltr'><strong><em>ἐστιν</em></strong></span> <span class='ocrx_word' id='word_1_190' title='bbox 970 2762 1002 2822; x_wconf 87' lang='lat' dir='ltr'><strong><em>et</em></strong></span> <span class='ocrx_word' id='word_1_191' title='bbox 1024 2762 1124 2822; x_wconf 84' lang='lat' dir='ltr'>totam</span> <span class='ocrx_word' id='word_1_192' title='bbox 1139 2757 1259 2842; x_wconf 84' lang='lat' dir='ltr'>Lysiae</span> <span class='ocrx_word' id='word_1_193' title='bbox 1281 2757 1393 2825; x_wconf 76' lang='lat' dir='ltr'>facui-</span> 
     </span>
     <span class='ocr_line' id='line_1_24' title="bbox 247 2852 1392 2950; baseline -0.001 -24"><span class='ocrx_word' id='word_1_194' title='bbox 247 2867 360 2942; x_wconf 84' lang='lat' dir='ltr'>tatem‚</span> <span class='ocrx_word' id='word_1_195' title='bbox 394 2866 430 2926; x_wconf 86' lang='lat' dir='ltr'><strong><em>ut</em></strong></span> <span class='ocrx_word' id='word_1_196' title='bbox 452 2880 484 2945; x_wconf 93' lang='lat' dir='ltr'><strong><em>p.</em></strong></span> <span class='ocrx_word' id='word_1_197' title='bbox 505 2862 596 2925; x_wconf 80' lang='grc' dir='ltr'>478ε3</span> <span class='ocrx_word' id='word_1_198' title='bbox 628 2857 667 2926; x_wconf 83' lang='grc' dir='ltr'><strong><em>ὃν</em></strong></span> <span class='ocrx_word' id='word_1_199' title='bbox 690 2852 757 2924; x_wconf 74' lang='grc' dir='ltr'><strong><em>οἷδ’</em></strong></span> <span class='ocrx_word' id='word_1_200' title='bbox 783 2853 837 2924; x_wconf 85' lang='grc' dir='ltr'><strong><em>ότι</em></strong></span> <span class='ocrx_word' id='word_1_201' title='bbox 858 2859 982 2924; x_wconf 79' lang='grc' dir='ltr'><strong><em>πολλοὶ</em></strong></span> <span class='ocrx_word' id='word_1_202' title='bbox 1003 2855 1061 2925; x_wconf 87' lang='grc' dir='ltr'><strong><em>καλ</em></strong></span> <span class='ocrx_word' id='word_1_203' title='bbox 1086 2865 1283 2948; x_wconf 81' lang='grc' dir='ltr'><strong><em>χαρακτῆρα</em></strong></span> <span class='ocrx_word' id='word_1_204' title='bbox 1306 2856 1392 2950; x_wconf 83' lang='grc' dir='ltr'><strong><em>ἡχὴ-</em></strong></span> 
     </span>
     <span class='ocr_line' id='line_1_25' title="bbox 246 2958 1392 3050; baseline 0.002 -21"><span class='ocrx_word' id='word_1_205' title='bbox 246 2986 363 3031; x_wconf 87' lang='grc' dir='ltr'><strong><em>σαιντο</em></strong></span> <span class='ocrx_word' id='word_1_206' title='bbox 388 2958 430 3030; x_wconf 73' lang='grc' dir='ltr'><strong><em>ἂν</em></strong></span> <span class='ocrx_word' id='word_1_207' title='bbox 452 2965 509 3028; x_wconf 85' lang='grc' dir='ltr'><strong><em>καὶ</em></strong></span> <span class='ocrx_word' id='word_1_208' title='bbox 531 2959 659 3030; x_wconf 90' lang='grc' dir='ltr'><strong><em>κανόνα</em></strong></span> <span class='ocrx_word' id='word_1_209' title='bbox 682 2969 740 3050; x_wconf 80' lang='grc' dir='ltr'><strong><em>τῆς</em></strong></span> <span class='ocrx_word' id='word_1_210' title='bbox 764 2960 893 3029; x_wconf 76' lang='grc' dir='ltr'><strong><em>ἐκείνου</em></strong></span> <span class='ocrx_word' id='word_1_211' title='bbox 921 2959 1108 3046; x_wconf 80' lang='grc' dir='ltr'><strong><em>δυνάμεως.</em></strong></span> <span class='ocrx_word' id='word_1_212' title='bbox 1154 2963 1262 3029; x_wconf 87' lang='lat' dir='ltr'>Verba</span> <span class='ocrx_word' id='word_1_213' title='bbox 1287 2964 1392 3049; x_wconf 84' lang='lat' dir='ltr'>igitur</span> 
     </span>
     <span class='ocr_line' id='line_1_26' title="bbox 245 3065 1391 3154; baseline 0.003 -23"><span class='ocrx_word' id='word_1_214' title='bbox 245 3065 568 3154; x_wconf 59' lang='grc' dir='ltr'><strong><em>τηςόυνόμεωςλιλ.</em></strong></span> <span class='ocrx_word' id='word_1_215' title='bbox 584 3066 1065 3133; x_wconf 81' lang='lat' dir='ltr'>nullamomninovimhabent.</span> <span class='ocrx_word' id='word_1_216' title='bbox 1099 3065 1274 3132; x_wconf 86' lang='lat' dir='ltr'>Offendunt</span> <span class='ocrx_word' id='word_1_217' title='bbox 1285 3088 1391 3152; x_wconf 84' lang='lat' dir='ltr'>prae-</span> 
     </span>
     <span class='ocr_line' id='line_1_27' title="bbox 245 3167 1392 3256; baseline 0.003 -20"><span class='ocrx_word' id='word_1_218' title='bbox 245 3178 336 3237; x_wconf 85' lang='lat' dir='ltr'>terea</span> <span class='ocrx_word' id='word_1_219' title='bbox 357 3170 547 3254; x_wconf 87' lang='lat' dir='ltr'>superlativi</span> <span class='ocrx_word' id='word_1_220' title='bbox 568 3168 696 3236; x_wconf 86' lang='lat' dir='ltr'>diverse</span> <span class='ocrx_word' id='word_1_221' title='bbox 718 3169 866 3251; x_wconf 86' lang='lat' dir='ltr'>adhibiti,</span> <span class='ocrx_word' id='word_1_222' title='bbox 892 3189 1027 3252; x_wconf 88' lang='lat' dir='ltr'>querum</span> <span class='ocrx_word' id='word_1_223' title='bbox 1049 3169 1130 3235; x_wconf 83' lang='lat' dir='ltr'>alter</span> <span class='ocrx_word' id='word_1_224' title='bbox 1149 3167 1187 3234; x_wconf 86' lang='grc' dir='ltr'><strong><em>τὸ</em></strong></span> <span class='ocrx_word' id='word_1_225' title='bbox 1206 3168 1392 3256; x_wconf 85' lang='grc' dir='ltr'><strong><em>κράτιστον</em></strong></span> 
     </span>
     <span class='ocr_line' id='line_1_28' title="bbox 246 3269 1391 3360; baseline 0.002 -21"><span class='ocrx_word' id='word_1_226' title='bbox 246 3273 398 3340; x_wconf 81' lang='lat' dir='ltr'>adieeiivi</span> <span class='ocrx_word' id='word_1_227' title='bbox 413 3272 536 3338; x_wconf 75' lang='lat' dir='ltr'>vicibus</span> <span class='ocrx_word' id='word_1_228' title='bbox 554 3272 709 3356; x_wconf 84' lang='lat' dir='ltr'>fungitur,</span> <span class='ocrx_word' id='word_1_229' title='bbox 736 3273 818 3338; x_wconf 86' lang='lat' dir='ltr'>alter</span> <span class='ocrx_word' id='word_1_230' title='bbox 840 3270 878 3337; x_wconf 87' lang='grc' dir='ltr'><strong><em>τὸ</em></strong></span> <span class='ocrx_word' id='word_1_231' title='bbox 893 3269 1286 3360; x_wconf 87' lang='grc' dir='ltr'><strong><em>χαρακτηριστικιότατσν</em></strong></span> <span class='ocrx_word' id='word_1_232' title='bbox 1308 3277 1391 3342; x_wconf 85' lang='lat' dir='ltr'>sub-</span> 
     </span>
     <span class='ocr_line' id='line_1_29' title="bbox 247 3374 1390 3460; baseline 0.003 -18"><span class='ocrx_word' id='word_1_233' title='bbox 247 3377 390 3442; x_wconf 86' lang='lat' dir='ltr'>stantivi.</span> <span class='ocrx_word' id='word_1_234' title='bbox 443 3376 511 3441; x_wconf 89' lang='lat' dir='ltr'><strong><em>Has</em></strong></span> <span class='ocrx_word' id='word_1_235' title='bbox 544 3377 585 3440; x_wconf 87' lang='lat' dir='ltr'><strong><em>ob</em></strong></span> <span class='ocrx_word' id='word_1_236' title='bbox 619 3395 735 3441; x_wconf 84' lang='lat' dir='ltr'>causas</span> <span class='ocrx_word' id='word_1_237' title='bbox 769 3374 896 3442; x_wconf 80' lang='lat' dir='ltr'>codices</span> <span class='ocrx_word' id='word_1_238' title='bbox 928 3376 997 3442; x_wconf 89' lang='lat' dir='ltr'>veri</span> <span class='ocrx_word' id='word_1_239' title='bbox 1029 3375 1203 3460; x_wconf 85' lang='lat' dir='ltr'>vestigium</span> <span class='ocrx_word' id='word_1_240' title='bbox 1236 3397 1390 3446; x_wconf 86' lang='lat' dir='ltr'>servasse</span> 
     </span>
     <span class='ocr_line' id='line_1_30' title="bbox 246 3476 1391 3578; baseline 0.002 -32"><span class='ocrx_word' id='word_1_241' title='bbox 246 3499 380 3560; x_wconf 75' lang='lat' dir='ltr'>censeo,</span> <span class='ocrx_word' id='word_1_242' title='bbox 414 3498 495 3562; x_wconf 89' lang='lat' dir='ltr'>quos</span> <span class='ocrx_word' id='word_1_243' title='bbox 518 3484 647 3544; x_wconf 88' lang='lat' dir='ltr'>seeutus</span> <span class='ocrx_word' id='word_1_244' title='bbox 677 3478 781 3544; x_wconf 81' lang='lat' dir='ltr'>scribo</span> <span class='ocrx_word' id='word_1_245' title='bbox 806 3477 843 3543; x_wconf 87' lang='grc' dir='ltr'><strong><em>τὸ</em></strong></span> <span class='ocrx_word' id='word_1_246' title='bbox 867 3476 1048 3565; x_wconf 86' lang='grc' dir='ltr'><strong><em>κράτιστόν</em></strong></span> <span class='ocrx_word' id='word_1_247' title='bbox 1071 3476 1142 3544; x_wconf 79' lang='grc' dir='ltr'><strong><em>ἐστι</em></strong></span> <span class='ocrx_word' id='word_1_248' title='bbox 1163 3485 1229 3546; x_wconf 82' lang='grc' dir='ltr'><strong><em>τῶν</em></strong></span> <span class='ocrx_word' id='word_1_249' title='bbox 1248 3485 1391 3578; x_wconf 68' lang='grc' dir='ltr'><strong><em>Λυσίου</em></strong></span> 
     </span>
     <span class='ocr_line' id='line_1_31' title="bbox 246 3575 1392 3669; baseline 0.002 -21"><span class='ocrx_word' id='word_1_250' title='bbox 246 3581 355 3668; x_wconf 80' lang='grc' dir='ltr'><strong><em>ἐ’ρχων</em></strong></span> <span class='ocrx_word' id='word_1_251' title='bbox 368 3582 427 3646; x_wconf 85' lang='grc' dir='ltr'><strong><em>καὶ</em></strong></span> <span class='ocrx_word' id='word_1_252' title='bbox 441 3578 833 3669; x_wconf 85' lang='grc' dir='ltr'><strong><em>χαρακτηριστικιότατον</em></strong></span> <span class='ocrx_word' id='word_1_253' title='bbox 854 3575 874 3668; x_wconf 79' lang='grc' dir='ltr'>ἡ</span> <span class='ocrx_word' id='word_1_254' title='bbox 894 3591 900 3645; x_wconf 83' lang='grc'><strong><em>’.</em></strong></span> <span class='ocrx_word' id='word_1_255' title='bbox 919 3631 925 3644; x_wconf 93' lang='grc'><strong><em>.</em></strong></span> <span class='ocrx_word' id='word_1_256' title='bbox 944 3631 950 3645; x_wconf 92' lang='grc'><strong>.</strong></span> <span class='ocrx_word' id='word_1_257' title='bbox 975 3580 1084 3668; x_wconf 87' lang='grc' dir='ltr'><strong><em>χάρις.</em></strong></span> <span class='ocrx_word' id='word_1_258' title='bbox 1131 3583 1222 3649; x_wconf 87' lang='lat' dir='ltr'>Idem</span> <span class='ocrx_word' id='word_1_259' title='bbox 1237 3581 1392 3669; x_wconf 86' lang='lat' dir='ltr'>Dionysii</span> 
     </span>
     <span class='ocr_line' id='line_1_32' title="bbox 245 3683 1392 3772; baseline 0.003 -20"><span class='ocrx_word' id='word_1_260' title='bbox 245 3683 443 3752; x_wconf 77' lang='lat' dir='ltr'>consuetudo</span> <span class='ocrx_word' id='word_1_261' title='bbox 465 3685 597 3769; x_wconf 83' lang='lat' dir='ltr'>probat3</span> <span class='ocrx_word' id='word_1_262' title='bbox 631 3683 672 3750; x_wconf 84' lang='lat' dir='ltr'><strong><em>ef.</em></strong></span> <span class='ocrx_word' id='word_1_263' title='bbox 698 3705 730 3768; x_wconf 89' lang='lat' dir='ltr'><strong><em>p.</em></strong></span> <span class='ocrx_word' id='word_1_264' title='bbox 752 3687 857 3750; x_wconf 72' lang='lat' dir='ltr'>7841⁵s</span> <span class='ocrx_word' id='word_1_265' title='bbox 880 3683 1075 3753; x_wconf 87' lang='grc' dir='ltr'><strong><em>τελευταῖόν</em></strong></span> <span class='ocrx_word' id='word_1_266' title='bbox 1098 3684 1169 3751; x_wconf 73' lang='grc' dir='ltr'><strong><em>ἔστι</em></strong></span> <span class='ocrx_word' id='word_1_267' title='bbox 1191 3692 1257 3752; x_wconf 77' lang='grc' dir='ltr'><strong><em>τῶν</em></strong></span> <span class='ocrx_word' id='word_1_268' title='bbox 1279 3684 1392 3772; x_wconf 83' lang='grc' dir='ltr'><strong><em>ἐ’ρχων</em></strong></span> 
     </span>
     <span class='ocr_line' id='line_1_33' title="bbox 246 3781 1387 3877; baseline 0.005 -25"><span class='ocrx_word' id='word_1_269' title='bbox 246 3781 352 3853; x_wconf 80' lang='grc' dir='ltr'><strong><em>αὐτοῦ</em></strong></span> <span class='ocrx_word' id='word_1_270' title='bbox 373 3788 430 3852; x_wconf 85' lang='grc' dir='ltr'><strong><em>καί</em></strong></span> <span class='ocrx_word' id='word_1_271' title='bbox 451 3785 854 3874; x_wconf 91' lang='grc' dir='ltr'><strong><em>χαρακτηριστικώτατον.</em></strong></span> <span class='ocrx_word' id='word_1_272' title='bbox 902 3792 1008 3854; x_wconf 66' lang='grc'>476233</span> <span class='ocrx_word' id='word_1_273' title='bbox 1031 3786 1157 3877; x_wconf 84' lang='grc' dir='ltr'><strong><em>ταύτην</em></strong></span> <span class='ocrx_word' id='word_1_274' title='bbox 1178 3789 1241 3872; x_wconf 81' lang='grc' dir='ltr'><strong><em>μὲν</em></strong></span> <span class='ocrx_word' id='word_1_275' title='bbox 1264 3787 1302 3877; x_wconf 83' lang='grc' dir='ltr'><strong><em>δὴ</em></strong></span> <span class='ocrx_word' id='word_1_276' title='bbox 1330 3791 1387 3874; x_wconf 77' lang='lat' dir='ltr'><strong><em>(se.</em></strong></span> 
     </span>
     <span class='ocr_line' id='line_1_34' title="bbox 246 3883 1393 3982; baseline 0.005 -27"><span class='ocrx_word' id='word_1_277' title='bbox 246 3889 307 3978; x_wconf 76' lang='grc' dir='ltr'><strong><em>τὴν</em></strong></span> <span class='ocrx_word' id='word_1_278' title='bbox 334 3888 444 3976; x_wconf 84' lang='grc' dir='ltr'><strong><em>χάριν)</em></strong></span> <span class='ocrx_word' id='word_1_279' title='bbox 471 3893 654 3977; x_wconf 84' lang='grc' dir='ltr'><strong><em>κρατίστην</em></strong></span> <span class='ocrx_word' id='word_1_280' title='bbox 688 3913 723 3955; x_wconf 93' lang='grc' dir='ltr'><strong><em>τε</em></strong></span> <span class='ocrx_word' id='word_1_281' title='bbox 754 3883 876 3977; x_wconf 78' lang='grc' dir='ltr'><strong><em>ἀρετὴν</em></strong></span> <span class='ocrx_word' id='word_1_282' title='bbox 905 3892 962 3956; x_wconf 85' lang='grc' dir='ltr'><strong><em>καί</em></strong></span> <span class='ocrx_word' id='word_1_283' title='bbox 989 3890 1393 3982; x_wconf 83' lang='grc' dir='ltr'><strong><em>χαρακτηριστικυιτάτην</em></strong></span> 
     </span>
     <span class='ocr_line' id='line_1_35' title="bbox 246 3991 1394 4084; baseline 0.002 -24"><span class='ocrx_word' id='word_1_284' title='bbox 246 4001 304 4082; x_wconf 82' lang='grc' dir='ltr'><strong><em>τῆς</em></strong></span> <span class='ocrx_word' id='word_1_285' title='bbox 325 3996 463 4058; x_wconf 92' lang='grc' dir='ltr'><strong><em>Λυσίου</em></strong></span> <span class='ocrx_word' id='word_1_286' title='bbox 485 3993 606 4072; x_wconf 85' lang='grc' dir='ltr'><strong><em>λέξεως</em></strong></span> <span class='ocrx_word' id='word_1_287' title='bbox 629 3991 732 4077; x_wconf 79' lang='grc' dir='ltr'><strong><em>ἐ’χιοχε</em></strong></span> <span class='ocrx_word' id='word_1_288' title='bbox 755 3997 906 4076; x_wconf 85' lang='grc' dir='ltr'><strong><em>τίθεμαι.</em></strong></span> <span class='ocrx_word' id='word_1_289' title='bbox 953 3995 1060 4062; x_wconf 84' lang='lat' dir='ltr'>Verba</span> <span class='ocrx_word' id='word_1_290' title='bbox 1081 3995 1181 4080; x_wconf 78' lang='lat' dir='ltr'>igitur</span> <span class='ocrx_word' id='word_1_291' title='bbox 1205 4003 1263 4084; x_wconf 81' lang='grc' dir='ltr'><strong><em>τῆς</em></strong></span> <span class='ocrx_word' id='word_1_292' title='bbox 1285 3995 1394 4064; x_wconf 81' lang='grc' dir='ltr'><strong><em>δυνά·</em></strong></span> 
     </span>
    </p>
   </div>
   <div class='ocr_carea' id='block_1_4' title="bbox 249 4135 455 4148">
    <p class='ocr_par' dir='ltr' id='par_1_5' title="bbox 249 4135 455 4148">
     <span class='ocr_line' id='line_1_36' title="bbox 249 4135 455 4148; baseline 0 -2"><span class='ocrx_word' id='word_1_293' title='bbox 249 4135 455 4148; x_wconf 52' lang='grc' dir='ltr'>-ι--ῌ</span> 
     </span>
    </p>
   </div>
   <div class='ocr_carea' id='block_1_5' title="bbox 246 4213 1392 4377">
    <p class='ocr_par' dir='ltr' id='par_1_6' title="bbox 246 4213 1392 4377">
     <span class='ocr_line' id='line_1_37' title="bbox 317 4213 1392 4292; baseline 0.005 -22"><span class='ocrx_word' id='word_1_294' title='bbox 317 4221 333 4284; x_wconf 86' lang='lat'><strong><em>¹)</em></strong></span> <span class='ocrx_word' id='word_1_295' title='bbox 354 4221 412 4276; x_wconf 85' lang='grc' dir='ltr'><strong><em>τοῖς</em></strong></span> <span class='ocrx_word' id='word_1_296' title='bbox 425 4213 520 4275; x_wconf 75' lang='grc' dir='ltr'><strong><em>ἄλλοις</em></strong></span> <span class='ocrx_word' id='word_1_297' title='bbox 532 4213 641 4270; x_wconf 81' lang='grc' dir='ltr'><strong><em>ἅπασιν</em></strong></span> <span class='ocrx_word' id='word_1_298' title='bbox 654 4215 672 4268; x_wconf 83' lang='grc' dir='ltr'><strong><em>ἃ</em></strong></span> <span class='ocrx_word' id='word_1_299' title='bbox 684 4220 742 4276; x_wconf 82' lang='grc' dir='ltr'><strong><em>τοῖς</em></strong></span> <span class='ocrx_word' id='word_1_300' title='bbox 754 4219 908 4276; x_wconf 83' lang='grc' dir='ltr'><strong><em>Λυσιακοῖς</em></strong></span> <span class='ocrx_word' id='word_1_301' title='bbox 921 4215 1101 4272; x_wconf 71' lang='grc' dir='ltr'><strong><em>ἐπανθοῦσιν</em></strong></span> <span class='ocrx_word' id='word_1_302' title='bbox 1113 4217 1182 4282; x_wconf 87' lang='lat' dir='ltr'><strong><em>MR,</em></strong></span> <span class='ocrx_word' id='word_1_303' title='bbox 1197 4233 1267 4274; x_wconf 85' lang='lat' dir='ltr'>eorr.</span> <span class='ocrx_word' id='word_1_304' title='bbox 1280 4217 1364 4289; x_wconf 85' lang='lat' dir='ltr'><strong>Sylb.</strong></span> <span class='ocrx_word' id='word_1_305' title='bbox 1382 4221 1392 4292; x_wconf 69' lang='grc' dir='ltr'><strong><em>ΙΙ</em></strong></span> 
     </span>
     <span class='ocr_line' id='line_1_38' title="bbox 246 4297 952 4377; baseline 0.008 -25"><span class='ocrx_word' id='word_1_306' title='bbox 246 4305 266 4369; x_wconf 74' lang='lat'><strong><em>²)</em></strong></span> <span class='ocrx_word' id='word_1_307' title='bbox 286 4297 562 4377; x_wconf 86' lang='grc' dir='ltr'><strong><em>χαρακτηρικώτατον</em></strong></span> <span class='ocrx_word' id='word_1_308' title='bbox 573 4303 604 4366; x_wconf 72' lang='lat'><strong><em>1⁴¹,</em></strong></span> <span class='ocrx_word' id='word_1_309' title='bbox 625 4300 898 4377; x_wconf 83' lang='grc' dir='ltr'><strong><em>χαρακτηρικότερον</em></strong></span> <span class='ocrx_word' id='word_1_310' title='bbox 915 4303 952 4358; x_wconf 83' lang='grc' dir='ltr'><strong><em>Μ.</em></strong></span> 
     </span>
    </p>
   </div>
   <div class='ocr_carea' id='block_1_6' title="bbox 0 0 1602 5136">
    <p class='ocr_par' dir='ltr' id='par_1_7' title="bbox 0 0 1602 5136">
     <span class='ocr_line' id='line_1_39' title="bbox 0 0 1602 5136; baseline 0 0"><span class='ocrx_word' id='word_1_311' title='bbox 0 0 1602 5136; x_wconf 95' lang='lat' dir='ltr'><strong><em> </em></strong></span> 
     </span>
    </p>
   </div>
  </div>
 </body>
</html>
