<?xml version="1.0" encoding="UTF-8"?>
<!DOCTYPE html PUBLIC "-//W3C//DTD XHTML 1.0 Transitional//EN"
    "http://www.w3.org/TR/xhtml1/DTD/xhtml1-transitional.dtd">
<html xmlns="http://www.w3.org/1999/xhtml" xml:lang="en" lang="en">
 <head>
  <title>
</title>
<meta http-equiv="Content-Type" content="text/html;charset=utf-8" />
  <meta name='ocr-system' content='tesseract 3.04.00' />
  <meta name='ocr-capabilities' content='ocr_page ocr_carea ocr_par ocr_line ocrx_word'/>
</head>
<body>
  <div class='ocr_page' id='page_1' title='image "./dedionysiihalic00sadgoog_0024.png"; bbox 0 0 3250 5146; ppageno 0'>
   <div class='ocr_carea' id='block_1_1' title="bbox 611 425 877 506">
    <p class='ocr_par' dir='ltr' id='par_1_1' title="bbox 611 425 877 506">
     <span class='ocr_line' id='line_1_1' title="bbox 611 425 877 506; baseline 0.004 -19"><span class='ocrx_word' id='word_1_1' title='bbox 611 461 655 471; x_wconf 91' lang='grc'><strong>-</strong></span> <span class='ocrx_word' id='word_1_2' title='bbox 702 425 786 506; x_wconf 75' lang='lat' dir='ltr'>poa]</span> <span class='ocrx_word' id='word_1_3' title='bbox 833 459 877 470; x_wconf 89' lang='lat'>-</span> 
     </span>
    </p>
   </div>
   <div class='ocr_carea' id='block_1_2' title="bbox 648 725 837 988">
    <p class='ocr_par' dir='ltr' id='par_1_2' title="bbox 648 725 837 988">
     <span class='ocr_line' id='line_1_2' title="bbox 648 725 837 806; baseline -0.005 -13"><span class='ocrx_word' id='word_1_4' title='bbox 648 725 782 806; x_wconf 79' lang='lat' dir='ltr'>caput</span> <span class='ocrx_word' id='word_1_5' title='bbox 806 725 837 792; x_wconf 93' lang='grc' dir='ltr'>Ι.</span> 
     </span>
     <span class='ocr_line' id='line_1_3' title="bbox 707 905 779 988; baseline -0.028 -20"><span class='ocrx_word' id='word_1_6' title='bbox 707 905 724 988; x_wconf 73' lang='lat' dir='ltr'>q</span> <span class='ocrx_word' id='word_1_7' title='bbox 751 909 779 968; x_wconf 88' lang='lat'>1.</span> 
     </span>
    </p>
   </div>
   <div class='ocr_carea' id='block_1_3' title="bbox 191 1037 1294 1110">
    <p class='ocr_par' dir='ltr' id='par_1_3' title="bbox 191 1037 1294 1110">
     <span class='ocr_line' id='line_1_4' title="bbox 191 1037 1294 1110; baseline -0.004 -14"><span class='ocrx_word' id='word_1_8' title='bbox 191 1041 234 1096; x_wconf 88' lang='lat' dir='ltr'>De</span> <span class='ocrx_word' id='word_1_9' title='bbox 251 1041 386 1110; x_wconf 85' lang='lat' dir='ltr'>ratione,</span> <span class='ocrx_word' id='word_1_10' title='bbox 404 1053 481 1108; x_wconf 82' lang='lat' dir='ltr'>quae</span> <span class='ocrx_word' id='word_1_11' title='bbox 499 1041 582 1094; x_wconf 87' lang='lat' dir='ltr'>inter</span> <span class='ocrx_word' id='word_1_12' title='bbox 597 1039 806 1095; x_wconf 85' lang='lat' dir='ltr'>Florentinum</span> <span class='ocrx_word' id='word_1_13' title='bbox 824 1040 855 1094; x_wconf 91' lang='lat' dir='ltr'>ot</span> <span class='ocrx_word' id='word_1_14' title='bbox 869 1037 1101 1094; x_wconf 73' lang='lat' dir='ltr'><strong>Ambrosianum</strong></span> <span class='ocrx_word' id='word_1_15' title='bbox 1119 1037 1294 1094; x_wconf 67' lang='lat' dir='ltr'>intercedit.</span> 
     </span>
    </p>
   </div>
   <div class='ocr_carea' id='block_1_4' title="bbox 173 1175 1322 3406">
    <p class='ocr_par' dir='ltr' id='par_1_4' title="bbox 173 1175 1322 3406">
     <span class='ocr_line' id='line_1_5' title="bbox 262 1175 1313 1263; baseline -0.003 -19"><span class='ocrx_word' id='word_1_16' title='bbox 262 1179 413 1263; x_wconf 83' lang='lat' dir='ltr'>Dionysii</span> <span class='ocrx_word' id='word_1_17' title='bbox 435 1179 475 1244; x_wconf 90' lang='lat' dir='ltr'>de</span> <span class='ocrx_word' id='word_1_18' title='bbox 498 1178 676 1244; x_wconf 89' lang='lat' dir='ltr'>oratoribus</span> <span class='ocrx_word' id='word_1_19' title='bbox 699 1177 840 1262; x_wconf 83' lang='lat' dir='ltr'>antiquis</span> <span class='ocrx_word' id='word_1_20' title='bbox 861 1197 937 1262; x_wconf 88' lang='lat' dir='ltr'>pars</span> <span class='ocrx_word' id='word_1_21' title='bbox 960 1177 1054 1261; x_wconf 85' lang='lat' dir='ltr'>prior,</span> <span class='ocrx_word' id='word_1_22' title='bbox 1089 1177 1129 1242; x_wconf 88' lang='lat' dir='ltr'>de</span> <span class='ocrx_word' id='word_1_23' title='bbox 1152 1175 1313 1241; x_wconf 87' lang='lat' dir='ltr'>Dinaroho</span> 
     </span>
     <span class='ocr_line' id='line_1_6' title="bbox 173 1277 1311 1366; baseline -0.003 -21"><span class='ocrx_word' id='word_1_24' title='bbox 173 1281 316 1360; x_wconf 90' lang='lat' dir='ltr'>libellus,</span> <span class='ocrx_word' id='word_1_25' title='bbox 343 1281 482 1366; x_wconf 82' lang='lat' dir='ltr'>epistula</span> <span class='ocrx_word' id='word_1_26' title='bbox 503 1279 546 1344; x_wconf 90' lang='lat' dir='ltr'>ad</span> <span class='ocrx_word' id='word_1_27' title='bbox 569 1280 628 1346; x_wconf 85' lang='lat' dir='ltr'>On.</span> <span class='ocrx_word' id='word_1_28' title='bbox 650 1281 844 1364; x_wconf 90' lang='lat' dir='ltr'>Pompeium,</span> <span class='ocrx_word' id='word_1_29' title='bbox 872 1279 912 1344; x_wconf 92' lang='lat' dir='ltr'>de</span> <span class='ocrx_word' id='word_1_30' title='bbox 934 1278 1124 1363; x_wconf 82' lang='lat' dir='ltr'>Thucydide</span> <span class='ocrx_word' id='word_1_31' title='bbox 1147 1277 1311 1358; x_wconf 89' lang='lat' dir='ltr'>iudicium,</span> 
     </span>
     <span class='ocr_line' id='line_1_7' title="bbox 175 1380 1310 1464; baseline -0.004 -16"><span class='ocrx_word' id='word_1_32' title='bbox 175 1385 216 1448; x_wconf 91' lang='lat' dir='ltr'>de</span> <span class='ocrx_word' id='word_1_33' title='bbox 231 1383 423 1448; x_wconf 88' lang='lat' dir='ltr'>admiranda</span> <span class='ocrx_word' id='word_1_34' title='bbox 444 1390 479 1447; x_wconf 92' lang='lat' dir='ltr'>ut</span> <span class='ocrx_word' id='word_1_35' title='bbox 494 1383 588 1464; x_wconf 87' lang='lat' dir='ltr'>volgo</span> <span class='ocrx_word' id='word_1_36' title='bbox 605 1382 711 1448; x_wconf 88' lang='lat' dir='ltr'>ferunt</span> <span class='ocrx_word' id='word_1_37' title='bbox 733 1383 764 1448; x_wconf 85' lang='lat' dir='ltr'>vi</span> <span class='ocrx_word' id='word_1_38' title='bbox 780 1381 909 1448; x_wconf 87' lang='lat' dir='ltr'>dicendi</span> <span class='ocrx_word' id='word_1_39' title='bbox 930 1381 964 1445; x_wconf 92' lang='lat' dir='ltr'>in</span> <span class='ocrx_word' id='word_1_40' title='bbox 980 1380 1196 1446; x_wconf 83' lang='lat' dir='ltr'>Demosthene</span> <span class='ocrx_word' id='word_1_41' title='bbox 1218 1380 1310 1461; x_wconf 90' lang='lat' dir='ltr'>liber,</span> 
     </span>
     <span class='ocr_line' id='line_1_8' title="bbox 176 1483 1316 1572; baseline -0.003 -21"><span class='ocrx_word' id='word_1_42' title='bbox 176 1487 317 1572; x_wconf 85' lang='lat' dir='ltr'>epistula</span> <span class='ocrx_word' id='word_1_43' title='bbox 339 1485 381 1551; x_wconf 91' lang='lat' dir='ltr'>ad</span> <span class='ocrx_word' id='word_1_44' title='bbox 403 1487 590 1550; x_wconf 89' lang='lat' dir='ltr'>Ammaeum</span> <span class='ocrx_word' id='word_1_45' title='bbox 613 1485 699 1569; x_wconf 89' lang='lat' dir='ltr'>prior</span> <span class='ocrx_word' id='word_1_46' title='bbox 721 1483 847 1549; x_wconf 89' lang='lat' dir='ltr'>duabus</span> <span class='ocrx_word' id='word_1_47' title='bbox 869 1485 1021 1549; x_wconf 88' lang='lat' dir='ltr'>librorum</span> <span class='ocrx_word' id='word_1_48' title='bbox 1042 1483 1173 1549; x_wconf 83' lang='lat' dir='ltr'>familiis</span> <span class='ocrx_word' id='word_1_49' title='bbox 1195 1503 1316 1548; x_wconf 91' lang='lat' dir='ltr'>memo-</span> 
     </span>
     <span class='ocr_line' id='line_1_9' title="bbox 176 1586 1315 1670; baseline -0.004 -16"><span class='ocrx_word' id='word_1_50' title='bbox 176 1590 244 1654; x_wconf 85' lang='lat' dir='ltr'>riae</span> <span class='ocrx_word' id='word_1_51' title='bbox 274 1589 393 1654; x_wconf 88' lang='lat' dir='ltr'>tradita</span> <span class='ocrx_word' id='word_1_52' title='bbox 416 1595 499 1670; x_wconf 80' lang='lat' dir='ltr'>sunt,</span> <span class='ocrx_word' id='word_1_53' title='bbox 537 1608 671 1670; x_wconf 90' lang='lat' dir='ltr'>quarum</span> <span class='ocrx_word' id='word_1_54' title='bbox 700 1587 833 1653; x_wconf 87' lang='lat' dir='ltr'>alterius</span> <span class='ocrx_word' id='word_1_55' title='bbox 856 1587 1089 1670; x_wconf 84' lang='lat' dir='ltr'>antesignanus</span> <span class='ocrx_word' id='word_1_56' title='bbox 1111 1586 1315 1652; x_wconf 88' lang='lat' dir='ltr'>Florentinus</span> 
     </span>
     <span class='ocr_line' id='line_1_10' title="bbox 177 1689 1317 1775; baseline 0 -21"><span class='ocrx_word' id='word_1_57' title='bbox 177 1691 217 1755; x_wconf 87' lang='lat' dir='ltr'>de</span> <span class='ocrx_word' id='word_1_58' title='bbox 233 1691 411 1756; x_wconf 89' lang='lat' dir='ltr'>oratoribus</span> <span class='ocrx_word' id='word_1_59' title='bbox 427 1690 568 1772; x_wconf 87' lang='lat' dir='ltr'>antiquis</span> <span class='ocrx_word' id='word_1_60' title='bbox 590 1697 714 1774; x_wconf 89' lang='lat' dir='ltr'>partem</span> <span class='ocrx_word' id='word_1_61' title='bbox 736 1689 884 1775; x_wconf 90' lang='lat' dir='ltr'>priorem,</span> <span class='ocrx_word' id='word_1_62' title='bbox 911 1690 1056 1754; x_wconf 88' lang='lat' dir='ltr'>mutilato</span> <span class='ocrx_word' id='word_1_63' title='bbox 1071 1696 1180 1754; x_wconf 90' lang='lat' dir='ltr'>tamen</span> <span class='ocrx_word' id='word_1_64' title='bbox 1203 1709 1317 1774; x_wconf 90' lang='lat' dir='ltr'>prooe-</span> 
     </span>
     <span class='ocr_line' id='line_1_11' title="bbox 177 1791 1316 1878; baseline -0.004 -20"><span class='ocrx_word' id='word_1_65' title='bbox 177 1793 252 1876; x_wconf 92' lang='lat' dir='ltr'>mio,</span> <span class='ocrx_word' id='word_1_66' title='bbox 287 1800 318 1858; x_wconf 89' lang='lat' dir='ltr'>et</span> <span class='ocrx_word' id='word_1_67' title='bbox 346 1792 543 1858; x_wconf 75' lang='lat' dir='ltr'>Dinarchum</span> <span class='ocrx_word' id='word_1_68' title='bbox 573 1792 718 1875; x_wconf 80' lang='lat' dir='ltr'>exhibet,</span> <span class='ocrx_word' id='word_1_69' title='bbox 753 1792 885 1858; x_wconf 91' lang='lat' dir='ltr'>alterius</span> <span class='ocrx_word' id='word_1_70' title='bbox 912 1792 1061 1878; x_wconf 89' lang='lat' dir='ltr'>princeps</span> <span class='ocrx_word' id='word_1_71' title='bbox 1083 1791 1316 1856; x_wconf 83' lang='lat' dir='ltr'>Ambrosianus</span> 
     </span>
     <span class='ocr_line' id='line_1_12' title="bbox 178 1894 1317 1982; baseline -0.004 -20"><span class='ocrx_word' id='word_1_72' title='bbox 178 1904 313 1982; x_wconf 82' lang='lat' dir='ltr'>excepto</span> <span class='ocrx_word' id='word_1_73' title='bbox 328 1896 491 1962; x_wconf 89' lang='lat' dir='ltr'>Dinaroho</span> <span class='ocrx_word' id='word_1_74' title='bbox 514 1915 596 1980; x_wconf 89' lang='lat' dir='ltr'>quae</span> <span class='ocrx_word' id='word_1_75' title='bbox 617 1895 780 1961; x_wconf 89' lang='lat' dir='ltr'>nominavi</span> <span class='ocrx_word' id='word_1_76' title='bbox 795 1895 919 1973; x_wconf 84' lang='lat' dir='ltr'>omnia3</span> <span class='ocrx_word' id='word_1_77' title='bbox 945 1895 999 1978; x_wconf 91' lang='lat' dir='ltr'>qui</span> <span class='ocrx_word' id='word_1_78' title='bbox 1021 1901 1188 1980; x_wconf 88' lang='lat' dir='ltr'>praeterea</span> <span class='ocrx_word' id='word_1_79' title='bbox 1210 1894 1244 1958; x_wconf 92' lang='lat' dir='ltr'>in</span> <span class='ocrx_word' id='word_1_80' title='bbox 1262 1894 1317 1958; x_wconf 65' lang='lat' dir='ltr'>‘in-</span> 
     </span>
     <span class='ocr_line' id='line_1_13' title="bbox 178 1997 1317 2082; baseline -0.004 -18"><span class='ocrx_word' id='word_1_81' title='bbox 178 1999 297 2065; x_wconf 90' lang='lat' dir='ltr'>dicium</span> <span class='ocrx_word' id='word_1_82' title='bbox 328 1998 463 2064; x_wconf 89' lang='lat' dir='ltr'>vocandi</span> <span class='ocrx_word' id='word_1_83' title='bbox 493 2006 567 2064; x_wconf 89' lang='lat' dir='ltr'>sunt</span> <span class='ocrx_word' id='word_1_84' title='bbox 594 1999 760 2064; x_wconf 89' lang='lat' dir='ltr'>Palatinus</span> <span class='ocrx_word' id='word_1_85' title='bbox 783 1998 961 2064; x_wconf 90' lang='lat' dir='ltr'>Vatioanae</span> <span class='ocrx_word' id='word_1_86' title='bbox 984 2019 1016 2062; x_wconf 88' lang='lat' dir='ltr'>n.</span> <span class='ocrx_word' id='word_1_87' title='bbox 1037 2001 1076 2062; x_wconf 85' lang='lat'>58</span> <span class='ocrx_word' id='word_1_88' title='bbox 1098 1999 1142 2082; x_wconf 83' lang='lat' dir='ltr'>(P)</span> <span class='ocrx_word' id='word_1_89' title='bbox 1170 2004 1202 2062; x_wconf 90' lang='lat' dir='ltr'>et</span> <span class='ocrx_word' id='word_1_90' title='bbox 1224 1997 1317 2062; x_wconf 89' lang='lat' dir='ltr'>Pari-</span> 
     </span>
     <span class='ocr_line' id='line_1_14' title="bbox 179 2099 1319 2168; baseline -0.003 0"><span class='ocrx_word' id='word_1_91' title='bbox 179 2103 242 2168; x_wconf 92' lang='lat' dir='ltr'>sini</span> <span class='ocrx_word' id='word_1_92' title='bbox 264 2104 293 2168; x_wconf 89' lang='lat' dir='ltr'><strong>A</strong></span> <span class='ocrx_word' id='word_1_93' title='bbox 317 2124 350 2166; x_wconf 89' lang='lat' dir='ltr'>n.</span> <span class='ocrx_word' id='word_1_94' title='bbox 368 2106 449 2166; x_wconf 83' lang='lat'>1657</span> <span class='ocrx_word' id='word_1_95' title='bbox 472 2102 499 2166; x_wconf 93' lang='lat' dir='ltr'>B</span> <span class='ocrx_word' id='word_1_96' title='bbox 523 2123 554 2166; x_wconf 94' lang='lat' dir='ltr'>n.</span> <span class='ocrx_word' id='word_1_97' title='bbox 574 2105 655 2165; x_wconf 79' lang='lat'>1742</span> <span class='ocrx_word' id='word_1_98' title='bbox 679 2121 720 2167; x_wconf 86' lang='lat' dir='ltr'>ex</span> <span class='ocrx_word' id='word_1_99' title='bbox 743 2101 854 2167; x_wconf 90' lang='lat' dir='ltr'>eodem</span> <span class='ocrx_word' id='word_1_100' title='bbox 878 2121 950 2167; x_wconf 90' lang='lat' dir='ltr'>cum</span> <span class='ocrx_word' id='word_1_101' title='bbox 972 2100 1183 2166; x_wconf 86' lang='lat' dir='ltr'>Ambrosiano</span> <span class='ocrx_word' id='word_1_102' title='bbox 1205 2099 1319 2165; x_wconf 90' lang='lat' dir='ltr'>arche-</span> 
     </span>
     <span class='ocr_line' id='line_1_15' title="bbox 178 2203 1314 2291; baseline -0.004 -21"><span class='ocrx_word' id='word_1_103' title='bbox 178 2213 256 2291; x_wconf 91' lang='lat' dir='ltr'>typo</span> <span class='ocrx_word' id='word_1_104' title='bbox 272 2205 444 2287; x_wconf 81' lang='lat' dir='ltr'>fluxerunt,</span> <span class='ocrx_word' id='word_1_105' title='bbox 466 2205 512 2270; x_wconf 92' lang='lat' dir='ltr'>ita</span> <span class='ocrx_word' id='word_1_106' title='bbox 527 2211 645 2284; x_wconf 90' lang='lat' dir='ltr'>tamen,</span> <span class='ocrx_word' id='word_1_107' title='bbox 670 2211 704 2269; x_wconf 91' lang='lat' dir='ltr'>ut</span> <span class='ocrx_word' id='word_1_108' title='bbox 720 2224 851 2288; x_wconf 90' lang='lat' dir='ltr'>operum</span> <span class='ocrx_word' id='word_1_109' title='bbox 867 2205 943 2269; x_wconf 91' lang='lat' dir='ltr'>ordo</span> <span class='ocrx_word' id='word_1_110' title='bbox 958 2204 992 2268; x_wconf 90' lang='lat' dir='ltr'>in</span> <span class='ocrx_word' id='word_1_111' title='bbox 1008 2203 1069 2268; x_wconf 90' lang='grc' dir='ltr'>ΡΑ</span> <span class='ocrx_word' id='word_1_112' title='bbox 1083 2203 1314 2284; x_wconf 79' lang='lat' dir='ltr'>immutaretur,</span> 
     </span>
     <span class='ocr_line' id='line_1_16' title="bbox 179 2297 1318 2391; baseline -0.004 -17"><span class='ocrx_word' id='word_1_113' title='bbox 179 2297 211 2374; x_wconf 86' lang='lat' dir='ltr'>et</span> <span class='ocrx_word' id='word_1_114' title='bbox 240 2311 276 2373; x_wconf 94' lang='lat' dir='ltr'>in</span> <span class='ocrx_word' id='word_1_115' title='bbox 298 2310 400 2374; x_wconf 89' lang='lat' dir='ltr'>altero</span> <span class='ocrx_word' id='word_1_116' title='bbox 423 2307 569 2373; x_wconf 87' lang='lat' dir='ltr'>Parisino</span> <span class='ocrx_word' id='word_1_117' title='bbox 597 2307 749 2372; x_wconf 91' lang='lat' dir='ltr'>iudicium</span> <span class='ocrx_word' id='word_1_118' title='bbox 782 2307 822 2372; x_wconf 91' lang='lat' dir='ltr'>de</span> <span class='ocrx_word' id='word_1_119' title='bbox 844 2305 1032 2391; x_wconf 86' lang='lat' dir='ltr'>Thucydide</span> <span class='ocrx_word' id='word_1_120' title='bbox 1061 2305 1192 2390; x_wconf 90' lang='lat' dir='ltr'>periret,</span> <span class='ocrx_word' id='word_1_121' title='bbox 1227 2306 1318 2370; x_wconf 89' lang='lat' dir='ltr'>cuius</span> 
     </span>
     <span class='ocr_line' id='line_1_17' title="bbox 177 2408 1320 2496; baseline -0.003 -19"><span class='ocrx_word' id='word_1_122' title='bbox 177 2414 322 2479; x_wconf 88' lang='lat' dir='ltr'>iacturae</span> <span class='ocrx_word' id='word_1_123' title='bbox 343 2433 408 2477; x_wconf 91' lang='lat' dir='ltr'>non</span> <span class='ocrx_word' id='word_1_124' title='bbox 429 2412 535 2477; x_wconf 92' lang='lat' dir='ltr'>minus</span> <span class='ocrx_word' id='word_1_125' title='bbox 558 2431 653 2494; x_wconf 92' lang='lat' dir='ltr'>quam</span> <span class='ocrx_word' id='word_1_126' title='bbox 682 2411 926 2496; x_wconf 87' lang='lat' dir='ltr'>permutationis</span> <span class='ocrx_word' id='word_1_127' title='bbox 954 2411 1044 2476; x_wconf 92' lang='lat' dir='ltr'>illius</span> <span class='ocrx_word' id='word_1_128' title='bbox 1067 2428 1181 2475; x_wconf 86' lang='lat' dir='ltr'>causas</span> <span class='ocrx_word' id='word_1_129' title='bbox 1207 2408 1320 2475; x_wconf 90' lang='lat' dir='ltr'>rectis-</span> 
     </span>
     <span class='ocr_line' id='line_1_18' title="bbox 180 2511 1319 2601; baseline -0.004 -20"><span class='ocrx_word' id='word_1_130' title='bbox 180 2517 261 2581; x_wconf 89' lang='lat' dir='ltr'>sime</span> <span class='ocrx_word' id='word_1_131' title='bbox 284 2515 447 2580; x_wconf 88' lang='lat' dir='ltr'>Usenerus</span> <span class='ocrx_word' id='word_1_132' title='bbox 478 2514 651 2599; x_wconf 86' lang='lat' dir='ltr'>explicavit</span> <span class='ocrx_word' id='word_1_133' title='bbox 679 2515 713 2580; x_wconf 90' lang='lat' dir='ltr'>in</span> <span class='ocrx_word' id='word_1_134' title='bbox 740 2515 847 2579; x_wconf 91' lang='lat' dir='ltr'>annal.</span> <span class='ocrx_word' id='word_1_135' title='bbox 872 2513 986 2601; x_wconf 21' lang='lat' dir='ltr'>philol..</span> <span class='ocrx_word' id='word_1_136' title='bbox 1010 2516 1090 2578; x_wconf 81' lang='grc'>1873</span> <span class='ocrx_word' id='word_1_137' title='bbox 1114 2535 1147 2598; x_wconf 90' lang='lat' dir='ltr'>p.</span> <span class='ocrx_word' id='word_1_138' title='bbox 1175 2515 1247 2592; x_wconf 82' lang='lat'>150,</span> <span class='ocrx_word' id='word_1_139' title='bbox 1277 2511 1319 2577; x_wconf 89' lang='lat' dir='ltr'>ad</span> 
     </span>
     <span class='ocr_line' id='line_1_19' title="bbox 179 2615 1319 2702; baseline -0.003 -19"><span class='ocrx_word' id='word_1_140' title='bbox 179 2640 276 2702; x_wconf 90' lang='lat' dir='ltr'>quem</span> <span class='ocrx_word' id='word_1_141' title='bbox 298 2619 434 2683; x_wconf 89' lang='lat' dir='ltr'>lectores</span> <span class='ocrx_word' id='word_1_142' title='bbox 457 2617 628 2700; x_wconf 87' lang='lat' dir='ltr'>delegasse</span> <span class='ocrx_word' id='word_1_143' title='bbox 655 2617 734 2682; x_wconf 90' lang='lat' dir='ltr'>satis</span> <span class='ocrx_word' id='word_1_144' title='bbox 757 2617 872 2682; x_wconf 89' lang='lat' dir='ltr'>habeo.</span> <span class='ocrx_word' id='word_1_145' title='bbox 919 2615 1044 2698; x_wconf 84' lang='lat' dir='ltr'>Fidem,</span> <span class='ocrx_word' id='word_1_146' title='bbox 1078 2615 1163 2698; x_wconf 93' lang='lat' dir='ltr'>quod</span> <span class='ocrx_word' id='word_1_147' title='bbox 1185 2615 1319 2680; x_wconf 89' lang='lat' dir='ltr'>Floren-</span> 
     </span>
     <span class='ocr_line' id='line_1_20' title="bbox 179 2717 1318 2804; baseline -0.004 -18"><span class='ocrx_word' id='word_1_148' title='bbox 179 2723 282 2786; x_wconf 88' lang='lat' dir='ltr'>tinum</span> <span class='ocrx_word' id='word_1_149' title='bbox 310 2721 393 2786; x_wconf 88' lang='lat' dir='ltr'>falso</span> <span class='ocrx_word' id='word_1_150' title='bbox 416 2720 491 2785; x_wconf 93' lang='lat' dir='ltr'>olim</span> <span class='ocrx_word' id='word_1_151' title='bbox 514 2720 660 2785; x_wconf 89' lang='lat' dir='ltr'>codicum</span> <span class='ocrx_word' id='word_1_152' title='bbox 682 2720 818 2784; x_wconf 84' lang='lat' dir='ltr'><strong>MPAB</strong></span> <span class='ocrx_word' id='word_1_153' title='bbox 842 2719 1052 2804; x_wconf 89' lang='lat' dir='ltr'>archetypum</span> <span class='ocrx_word' id='word_1_154' title='bbox 1075 2739 1095 2782; x_wconf 93' lang='lat' dir='ltr'>a</span> <span class='ocrx_word' id='word_1_155' title='bbox 1118 2739 1153 2784; x_wconf 90' lang='lat' dir='ltr'>se</span> <span class='ocrx_word' id='word_1_156' title='bbox 1175 2717 1318 2782; x_wconf 92' lang='lat' dir='ltr'>habitum</span> 
     </span>
     <span class='ocr_line' id='line_1_21' title="bbox 180 2821 1316 2908; baseline -0.005 -17"><span class='ocrx_word' id='word_1_157' title='bbox 180 2845 252 2892; x_wconf 89' lang='lat' dir='ltr'>esse</span> <span class='ocrx_word' id='word_1_158' title='bbox 270 2824 381 2890; x_wconf 89' lang='lat' dir='ltr'>statuit</span> <span class='ocrx_word' id='word_1_159' title='bbox 402 2825 432 2906; x_wconf 83' lang='lat' dir='ltr'>(l.</span> <span class='ocrx_word' id='word_1_160' title='bbox 450 2825 472 2888; x_wconf 94' lang='lat' dir='ltr'>l.</span> <span class='ocrx_word' id='word_1_161' title='bbox 496 2845 529 2908; x_wconf 92' lang='lat' dir='ltr'>p.</span> <span class='ocrx_word' id='word_1_162' title='bbox 550 2826 635 2908; x_wconf 78' lang='grc'>154),</span> <span class='ocrx_word' id='word_1_163' title='bbox 662 2842 792 2908; x_wconf 89' lang='lat' dir='ltr'>prorsus</span> <span class='ocrx_word' id='word_1_164' title='bbox 815 2821 987 2889; x_wconf 87' lang='lat' dir='ltr'>adsentior.</span> <span class='ocrx_word' id='word_1_165' title='bbox 1035 2823 1073 2887; x_wconf 94' lang='lat' dir='ltr'>In</span> <span class='ocrx_word' id='word_1_166' title='bbox 1092 2821 1208 2888; x_wconf 89' lang='lat' dir='ltr'>ceteris</span> <span class='ocrx_word' id='word_1_167' title='bbox 1230 2841 1316 2900; x_wconf 87' lang='lat' dir='ltr'>vero,</span> 
     </span>
     <span class='ocr_line' id='line_1_22' title="bbox 180 2923 1321 3011; baseline -0.004 -18"><span class='ocrx_word' id='word_1_168' title='bbox 180 2947 265 3011; x_wconf 89' lang='lat' dir='ltr'>quae</span> <span class='ocrx_word' id='word_1_169' title='bbox 283 2923 334 2992; x_wconf 82' lang='lat' dir='ltr'>&#39;de</span> <span class='ocrx_word' id='word_1_170' title='bbox 357 2927 491 2991; x_wconf 89' lang='lat' dir='ltr'>duarum</span> <span class='ocrx_word' id='word_1_171' title='bbox 513 2926 708 2991; x_wconf 86' lang='lat' dir='ltr'>familiarum</span> <span class='ocrx_word' id='word_1_172' title='bbox 730 2925 966 2993; x_wconf 88' lang='lat' dir='ltr'>necessitudine</span> <span class='ocrx_word' id='word_1_173' title='bbox 990 2925 1085 3008; x_wconf 85' lang='lat' dir='ltr'>dixit,</span> <span class='ocrx_word' id='word_1_174' title='bbox 1116 2925 1225 3009; x_wconf 90' lang='lat' dir='ltr'>paullo</span> <span class='ocrx_word' id='word_1_175' title='bbox 1248 2925 1321 2989; x_wconf 90' lang='lat' dir='ltr'>lon-</span> 
     </span>
     <span class='ocr_line' id='line_1_23' title="bbox 179 3027 1320 3115; baseline -0.004 -19"><span class='ocrx_word' id='word_1_176' title='bbox 179 3033 253 3115; x_wconf 86' lang='lat' dir='ltr'>gius</span> <span class='ocrx_word' id='word_1_177' title='bbox 282 3031 435 3115; x_wconf 84' lang='lat' dir='ltr'>progredi</span> <span class='ocrx_word' id='word_1_178' title='bbox 463 3049 558 3114; x_wconf 92' lang='lat' dir='ltr'>posse</span> <span class='ocrx_word' id='word_1_179' title='bbox 588 3029 666 3094; x_wconf 91' lang='lat' dir='ltr'>mihi</span> <span class='ocrx_word' id='word_1_180' title='bbox 696 3029 824 3109; x_wconf 87' lang='lat' dir='ltr'>videor;</span> <span class='ocrx_word' id='word_1_181' title='bbox 863 3029 896 3092; x_wconf 93' lang='lat' dir='ltr'>in</span> <span class='ocrx_word' id='word_1_182' title='bbox 925 3049 986 3111; x_wconf 91' lang='lat' dir='ltr'>quo</span> <span class='ocrx_word' id='word_1_183' title='bbox 1017 3029 1044 3092; x_wconf 92' lang='lat' dir='ltr'>si</span> <span class='ocrx_word' id='word_1_184' title='bbox 1067 3036 1196 3112; x_wconf 89' lang='lat' dir='ltr'>propter</span> <span class='ocrx_word' id='word_1_185' title='bbox 1224 3027 1320 3092; x_wconf 90' lang='lat' dir='ltr'>fidem</span> 
     </span>
     <span class='ocr_line' id='line_1_24' title="bbox 180 3130 1320 3216; baseline -0.005 -16"><span class='ocrx_word' id='word_1_186' title='bbox 180 3140 387 3215; x_wconf 88' lang='lat' dir='ltr'>aetatemque</span> <span class='ocrx_word' id='word_1_187' title='bbox 410 3133 566 3216; x_wconf 89' lang='lat' dir='ltr'>neglectis</span> <span class='ocrx_word' id='word_1_188' title='bbox 589 3132 704 3197; x_wconf 89' lang='lat' dir='ltr'>ceteris</span> <span class='ocrx_word' id='word_1_189' title='bbox 722 3130 866 3197; x_wconf 90' lang='lat' dir='ltr'>eiusdem</span> <span class='ocrx_word' id='word_1_190' title='bbox 890 3130 1032 3196; x_wconf 80' lang='lat' dir='ltr'>familiae</span> <span class='ocrx_word' id='word_1_191' title='bbox 1049 3130 1211 3196; x_wconf 89' lang='lat' dir='ltr'>codicibus</span> <span class='ocrx_word' id='word_1_192' title='bbox 1234 3131 1320 3195; x_wconf 89' lang='lat' dir='ltr'>solus</span> 
     </span>
     <span class='ocr_line' id='line_1_25' title="bbox 180 3232 1322 3320; baseline -0.004 -18"><span class='ocrx_word' id='word_1_193' title='bbox 180 3236 414 3302; x_wconf 88' lang='lat' dir='ltr'>Ambrosianus</span> <span class='ocrx_word' id='word_1_194' title='bbox 437 3235 621 3300; x_wconf 78' lang='lat' dir='ltr'>Florentino</span> <span class='ocrx_word' id='word_1_195' title='bbox 651 3235 829 3320; x_wconf 91' lang='lat' dir='ltr'>opponitur,</span> <span class='ocrx_word' id='word_1_196' title='bbox 862 3241 894 3299; x_wconf 92' lang='lat' dir='ltr'>et</span> <span class='ocrx_word' id='word_1_197' title='bbox 923 3233 1097 3318; x_wconf 89' lang='lat' dir='ltr'>simplicior</span> <span class='ocrx_word' id='word_1_198' title='bbox 1119 3235 1265 3316; x_wconf 85' lang='lat' dir='ltr'>quaestio</span> <span class='ocrx_word' id='word_1_199' title='bbox 1287 3232 1322 3298; x_wconf 91' lang='lat' dir='ltr'>fit</span> 
     </span>
     <span class='ocr_line' id='line_1_26' title="bbox 181 3338 356 3406; baseline -0.023 0"><span class='ocrx_word' id='word_1_200' title='bbox 181 3348 215 3406; x_wconf 90' lang='lat' dir='ltr'>et</span> <span class='ocrx_word' id='word_1_201' title='bbox 236 3338 356 3404; x_wconf 89' lang='lat' dir='ltr'>utilior.</span> 
     </span>
    </p>
   </div>
   <div class='ocr_carea' id='block_1_5' title="bbox 182 3455 1324 4060">
    <p class='ocr_par' dir='ltr' id='par_1_5' title="bbox 182 3455 1324 4060">
     <span class='ocr_line' id='line_1_27' title="bbox 269 3455 1324 3542; baseline -0.004 -19"><span class='ocrx_word' id='word_1_202' title='bbox 269 3458 427 3524; x_wconf 89' lang='lat' dir='ltr'>Iudicium</span> <span class='ocrx_word' id='word_1_203' title='bbox 450 3457 491 3524; x_wconf 90' lang='lat' dir='ltr'>de</span> <span class='ocrx_word' id='word_1_204' title='bbox 514 3458 650 3538; x_wconf 90' lang='lat' dir='ltr'>ratione,</span> <span class='ocrx_word' id='word_1_205' title='bbox 681 3477 765 3542; x_wconf 88' lang='lat' dir='ltr'>quae</span> <span class='ocrx_word' id='word_1_206' title='bbox 787 3458 871 3522; x_wconf 89' lang='lat' dir='ltr'>inter</span> <span class='ocrx_word' id='word_1_207' title='bbox 892 3457 1112 3522; x_wconf 84' lang='lat' dir='ltr'>Florentinum</span> <span class='ocrx_word' id='word_1_208' title='bbox 1134 3462 1166 3520; x_wconf 90' lang='lat' dir='ltr'>et</span> <span class='ocrx_word' id='word_1_209' title='bbox 1187 3455 1324 3520; x_wconf 84' lang='lat' dir='ltr'>Ambro-</span> 
     </span>
     <span class='ocr_line' id='line_1_28' title="bbox 182 3558 1323 3652; baseline -0.004 -24"><span class='ocrx_word' id='word_1_210' title='bbox 182 3563 310 3628; x_wconf 90' lang='lat' dir='ltr'>sianum</span> <span class='ocrx_word' id='word_1_211' title='bbox 331 3561 521 3642; x_wconf 82' lang='lat' dir='ltr'>intercedat,</span> <span class='ocrx_word' id='word_1_212' title='bbox 549 3582 589 3652; x_wconf 80' lang='lat' dir='ltr'>ex</span> <span class='ocrx_word' id='word_1_213' title='bbox 603 3560 806 3626; x_wconf 89' lang='lat' dir='ltr'>Ambrosiani</span> <span class='ocrx_word' id='word_1_214' title='bbox 822 3559 984 3625; x_wconf 90' lang='lat' dir='ltr'>nonnullis</span> <span class='ocrx_word' id='word_1_215' title='bbox 999 3559 1125 3625; x_wconf 92' lang='lat' dir='ltr'>lacunis</span> <span class='ocrx_word' id='word_1_216' title='bbox 1142 3558 1249 3643; x_wconf 88' lang='lat' dir='ltr'>spatio</span> <span class='ocrx_word' id='word_1_217' title='bbox 1264 3579 1323 3624; x_wconf 87' lang='lat' dir='ltr'>va-</span> 
     </span>
     <span class='ocr_line' id='line_1_29' title="bbox 183 3661 1322 3748; baseline -0.004 -17"><span class='ocrx_word' id='word_1_218' title='bbox 183 3686 243 3732; x_wconf 88' lang='lat' dir='ltr'>cuo</span> <span class='ocrx_word' id='word_1_219' title='bbox 267 3665 378 3730; x_wconf 88' lang='lat' dir='ltr'>relicto</span> <span class='ocrx_word' id='word_1_220' title='bbox 402 3664 591 3748; x_wconf 89' lang='lat' dir='ltr'>significatis</span> <span class='ocrx_word' id='word_1_221' title='bbox 614 3664 744 3748; x_wconf 89' lang='lat' dir='ltr'>pendet.</span> <span class='ocrx_word' id='word_1_222' title='bbox 784 3663 989 3728; x_wconf 89' lang='lat' dir='ltr'>Florentinus</span> <span class='ocrx_word' id='word_1_223' title='bbox 1005 3662 1066 3728; x_wconf 90' lang='lat' dir='ltr'>etsi</span> <span class='ocrx_word' id='word_1_224' title='bbox 1082 3662 1128 3728; x_wconf 92' lang='lat' dir='ltr'>eis</span> <span class='ocrx_word' id='word_1_225' title='bbox 1151 3661 1230 3726; x_wconf 89' lang='lat' dir='ltr'>locis</span> <span class='ocrx_word' id='word_1_226' title='bbox 1246 3681 1322 3726; x_wconf 89' lang='lat' dir='ltr'>con-</span> 
     </span>
     <span class='ocr_line' id='line_1_30' title="bbox 183 3763 1324 3858; baseline -0.005 -24"><span class='ocrx_word' id='word_1_227' title='bbox 183 3771 453 3858; x_wconf 18' lang='lat' dir='ltr'>tinuumxtextum</span> <span class='ocrx_word' id='word_1_228' title='bbox 475 3769 619 3853; x_wconf 89' lang='lat' dir='ltr'>praebet,</span> <span class='ocrx_word' id='word_1_229' title='bbox 646 3767 770 3832; x_wconf 91' lang='lat' dir='ltr'>duobus</span> <span class='ocrx_word' id='word_1_230' title='bbox 786 3773 872 3832; x_wconf 89' lang='lat' dir='ltr'>certe</span> <span class='ocrx_word' id='word_1_231' title='bbox 894 3766 973 3852; x_wconf 84' lang='lat' dir='ltr'>ipsis</span> <span class='ocrx_word' id='word_1_232' title='bbox 989 3765 1229 3831; x_wconf 91' lang='lat' dir='ltr'>adnotationum</span> <span class='ocrx_word' id='word_1_233' title='bbox 1248 3763 1324 3829; x_wconf 89' lang='lat' dir='ltr'>reli-</span> 
     </span>
     <span class='ocr_line' id='line_1_31' title="bbox 184 3869 1323 3959; baseline -0.005 -22"><span class='ocrx_word' id='word_1_234' title='bbox 184 3873 269 3955; x_wconf 90' lang='lat' dir='ltr'>quiis</span> <span class='ocrx_word' id='word_1_235' title='bbox 302 3871 469 3959; x_wconf 90' lang='lat' dir='ltr'>archetypi</span> <span class='ocrx_word' id='word_1_236' title='bbox 499 3873 648 3937; x_wconf 90' lang='lat' dir='ltr'>lacunam</span> <span class='ocrx_word' id='word_1_237' title='bbox 677 3869 811 3936; x_wconf 87' lang='lat' dir='ltr'>indicat.</span> <span class='ocrx_word' id='word_1_238' title='bbox 859 3869 968 3935; x_wconf 87' lang='lat' dir='ltr'>Habes</span> <span class='ocrx_word' id='word_1_239' title='bbox 997 3869 1081 3934; x_wconf 91' lang='lat' dir='ltr'>enim</span> <span class='ocrx_word' id='word_1_240' title='bbox 1107 3891 1138 3954; x_wconf 94' lang='lat' dir='ltr'>p.</span> <span class='ocrx_word' id='word_1_241' title='bbox 1160 3871 1265 3932; x_wconf 74' lang='lat' dir='ltr'>bitass</span> <span class='ocrx_word' id='word_1_242' title='bbox 1281 3897 1323 3922; x_wconf 95' lang='lat'><strong><em>=</em></strong></span> 
     </span>
     <span class='ocr_line' id='line_1_32' title="bbox 184 3971 724 4060; baseline -0.004 -20"><span class='ocrx_word' id='word_1_243' title='bbox 184 3977 284 4042; x_wconf 86' lang='lat' dir='ltr'>Isocr.</span> <span class='ocrx_word' id='word_1_244' title='bbox 311 3975 350 4040; x_wconf 93' lang='lat' dir='ltr'>de</span> <span class='ocrx_word' id='word_1_245' title='bbox 372 3995 454 4060; x_wconf 91' lang='lat' dir='ltr'>pace</span> <span class='ocrx_word' id='word_1_246' title='bbox 478 3975 551 4059; x_wconf 78' lang='lat'>§12</span> <span class='ocrx_word' id='word_1_247' title='bbox 575 3973 657 4039; x_wconf 88' lang='lat' dir='ltr'>haec</span> <span class='ocrx_word' id='word_1_248' title='bbox 717 3971 724 3978; x_wconf 67' lang='grc'><strong>“</strong></span> 
     </span>
    </p>
   </div>
   <div class='ocr_carea' id='block_1_6' title="bbox 340 4091 1181 4160">
    <p class='ocr_par' dir='ltr' id='par_1_6' title="bbox 340 4091 1181 4160">
     <span class='ocr_line' id='line_1_33' title="bbox 340 4091 1181 4160; baseline -0.005 0"><span class='ocrx_word' id='word_1_249' title='bbox 340 4097 373 4160; x_wconf 94' lang='lat' dir='ltr'>in</span> <span class='ocrx_word' id='word_1_250' title='bbox 397 4095 598 4160; x_wconf 82' lang='lat' dir='ltr'>Florentino:</span> <span class='ocrx_word' id='word_1_251' title='bbox 897 4092 930 4156; x_wconf 92' lang='lat' dir='ltr'>in</span> <span class='ocrx_word' id='word_1_252' title='bbox 952 4091 1181 4158; x_wconf 80' lang='lat' dir='ltr'>Ambrosiano:</span> 
     </span>
    </p>
   </div>
   <div class='ocr_carea' id='block_1_7' title="bbox 187 4208 1373 4485">
    <p class='ocr_par' dir='ltr' id='par_1_7' title="bbox 187 4208 1373 4485">
     <span class='ocr_line' id='line_1_34' title="bbox 187 4208 1326 4300; baseline -0.005 -20"><span class='ocrx_word' id='word_1_253' title='bbox 187 4213 355 4298; x_wconf 75' lang='grc' dir='ltr'>θαυμάζω</span> <span class='ocrx_word' id='word_1_254' title='bbox 379 4215 416 4280; x_wconf 78' lang='grc' dir='ltr'>δὲ</span> <span class='ocrx_word' id='word_1_255' title='bbox 439 4212 480 4280; x_wconf 87' lang='grc' dir='ltr'>τὰ</span> <span class='ocrx_word' id='word_1_256' title='bbox 501 4222 567 4281; x_wconf 83' lang='grc' dir='ltr'>τῶν</span> <span class='ocrx_word' id='word_1_257' title='bbox 582 4218 732 4300; x_wconf 66' lang='lat' dir='ltr'>mecedo·</span> <span class='ocrx_word' id='word_1_258' title='bbox 784 4211 953 4295; x_wconf 72' lang='grc' dir='ltr'><em>θαυμάζοι</em></span> <span class='ocrx_word' id='word_1_259' title='bbox 975 4211 1010 4277; x_wconf 76' lang='grc' dir='ltr'>δὲ</span> <span class='ocrx_word' id='word_1_260' title='bbox 1034 4208 1075 4276; x_wconf 78' lang='grc' dir='ltr'>τὰ</span> <span class='ocrx_word' id='word_1_261' title='bbox 1095 4219 1160 4277; x_wconf 83' lang='grc' dir='ltr'>τῶν</span> <span class='ocrx_word' id='word_1_262' title='bbox 1175 4215 1326 4296; x_wconf 76' lang='grc' dir='ltr'><em>προσβο-</em></span> 
     </span>
     <span class='ocr_line' id='line_1_35' title="bbox 188 4311 1373 4405; baseline -0.005 -24"><span class='ocrx_word' id='word_1_263' title='bbox 188 4323 294 4403; x_wconf 81' lang='grc' dir='ltr'><em>νέριον</em></span> <span class='ocrx_word' id='word_1_264' title='bbox 303 4319 333 4384; x_wconf 85' lang='grc' dir='ltr'>εἰ</span> <span class='ocrx_word' id='word_1_265' title='bbox 344 4343 462 4405; x_wconf 82' lang='grc' dir='ltr'><em>μηκενι</em></span> <span class='ocrx_word' id='word_1_266' title='bbox 471 4315 728 4404; x_wconf 73' lang='grc' dir='ltr'><em>μνημονεύουσι,</em></span> <span class='ocrx_word' id='word_1_267' title='bbox 786 4321 893 4401; x_wconf 81' lang='grc' dir='ltr'><em>νέριον</em></span> <span class='ocrx_word' id='word_1_268' title='bbox 908 4313 937 4380; x_wconf 85' lang='grc' dir='ltr'>εἰ</span> <span class='ocrx_word' id='word_1_269' title='bbox 948 4319 1066 4401; x_wconf 79' lang='grc' dir='ltr'><em>μηκέτι</em></span> <span class='ocrx_word' id='word_1_270' title='bbox 1078 4311 1327 4402; x_wconf 74' lang='grc' dir='ltr'><em>μνημονεύουσι</em></span> <span class='ocrx_word' id='word_1_271' title='bbox 1369 4397 1373 4403; x_wconf 19' lang='grc' dir='ltr'><strong>Δ</strong></span> 
     </span>
     <span class='ocr_line' id='line_1_36' title="bbox 1083 4436 1119 4485; baseline 0 -18"><span class='ocrx_word' id='word_1_272' title='bbox 1083 4436 1119 4485; x_wconf 75' lang='lat'>2*</span> 
     </span>
    </p>
   </div>
   <div class='ocr_carea' id='block_1_8' title="bbox 0 0 1647 5146">
    <p class='ocr_par' dir='ltr' id='par_1_8' title="bbox 0 0 1647 5146">
     <span class='ocr_line' id='line_1_37' title="bbox 0 0 1647 5146; baseline 0 0"><span class='ocrx_word' id='word_1_273' title='bbox 0 0 1647 5146; x_wconf 95' lang='lat' dir='ltr'> </span> 
     </span>
    </p>
   </div>
  </div>
 </body>
</html>
