3182 5136
542 403 587 413 -
634 369 717 450 maj
766 403 809 414 -
1186 369 1248 432 aaa

118 557 212 622 ἐστι.
256 559 368 620 10121s
391 554 582 637 διαδέχεται
604 553 643 642 δή
660 553 720 642 τήν
742 548 845 640 ὀλίγῳ
867 553 1037 638 πρότερον
1053 552 1248 634 ἐξετασθεῖ-

118 683 175 726 σαν
191 654 371 726 ἀντίθεσιν
386 657 484 744 ἑτέρα
503 656 676 745 τοιαύτη
696 662 805 739 τιςί).
844 663 940 724 10754
965 653 1062 746 ἡμὲν
1077 655 1115 744 δή
1133 655 1246 745 πρώτη

119 771 177 829 τῶν
192 756 364 847 ἁρμονιῶν
389 812 396 825 .
417 811 424 825 .
447 812 453 824 .
479 759 621 828 τοιάδε
644 767 709 838 τίς
732 761 821 827 έστι
850 761 936 827 κατὰ
958 762 1018 827 τὸν
1039 769 1245 848 χαρακτῆρα.

115 861 154 932 Ἡ
174 867 210 932 δὲ
234 864 320 949 μετὰ
342 863 467 952 ταύτην
492 915 499 928 .
521 917 555 930 ..
582 864 731 952 τοιαύτη.

195 991 227 1054 p.
249 972 356 1034 977ass
379 967 476 1032 Κατὰ
498 973 532 1032 τί
553 966 591 1055 δή
616 967 740 1056 ταύτην
761 962 903 1055 ήγοῦμαι
921 966 981 1054 τήν
996 969 1086 1047 λέξιν
1103 967 1248 1033 εὀικέναι

116 1081 147 1159 τῇ
172 1043 401 1146 Θουκυδίδουέ
430 1066 552 1136 καθἺί
576 1066 734 1158 κάκείνην
757 1077 926 1153 πείθομαι
956 1071 1103 1154 μάλιστα
1127 1072 1248 1158 διαφέ-

117 1202 182 1263 ρειν
201 1184 268 1242 τῶν
292 1171 413 1241 ἀλλων.
439 1177 532 1241 τουτί
555 1170 587 1240 δ’
607 1174 677 1240 ἐστὶ
700 1173 737 1240 τὸ
753 1174 798 1262 μή
819 1169 895 1239 κατ’
913 1169 1055 1241 εὐθεῖαν
1070 1174 1257 1262 ἑρμηνείαν

117 1281 331 1369 ἐξενηνέχθαι
353 1278 395 1344 τὰ
416 1279 568 1366 νοήματα
591 1274 672 1366 μηδ’
692 1273 735 1356 ὡς
758 1278 829 1344 έστι
853 1292 922 1356 τοῖς
946 1275 1061 1356 ἀλλοις
1084 1277 1243 1366 σύνηθες,

116 1388 220 1470 λέγειν
243 1378 360 1460 άπλῶς
382 1385 439 1447 καὶ
462 1377 612 1470 ἀφελῶς.
641 1377 727 1448 ἀλλὰ
750 1381 956 1468 ἐξηλλάχθαι
989 1385 1045 1449 καί
1076 1378 1247 1469 ἀπεστρά-

117 1495 203 1576 φθαι
225 1486 287 1576 τήν
308 1483 482 1552 διάλεκτον
505 1486 540 1552 ἐκ
562 1494 627 1551 τῶν
643 1484 679 1552 έν
694 1485 770 1551 έθει
785 1487 842 1550 καὶ
857 1485 943 1551 κατὰ
961 1483 1066 1574 φύσιν
1082 1487 1130 1564 είς
1146 1485 1187 1550 τὰ
1202 1485 1244 1573 μή

118 1588 241 1679 συνήθη
272 1602 344 1666 τοῖς
371 1590 523 1665 πολλοῖς
539 1583 618 1676 μηδ’
645 1583 689 1665 ὡς
721 1583 736 1676 ή
769 1587 872 1676 φύσις
901 1585 1049 1656 ἀπαιτεῖ.
1097 1591 1246 1657 Colonum

117 1703 267 1762 structura
285 1694 462 1786 'formaque
489 1693 582 1758 docet
611 1693 718 1758 verbis
747 1687 827 1779 μηδ’
853 1687 897 1770 ὡς
928 1687 944 1780 ή
977 1690 1079 1780 φύσις
1109 1688 1247 1758 ἀπαιτεῖ

117 1797 302 1882 respondere
318 1797 376 1861 illa
390 1793 464 1882 μηδ’
482 1789 525 1871 ὡς
542 1793 613 1860 έστι
629 1808 699 1872 τοῖς
715 1790 830 1873 ἀλλοις
846 1794 993 1883 σύνηθες
1011 1797 1120 1880 λέγειν
1132 1790 1247 1872 ἁπλῶς

117 1903 169 1966 καὶ
190 1895 335 1988 ἀφελῶς.
383 1899 485 1965 Simul
508 1901 604 1965 verba
628 1901 737 1984 λέγειν
760 1893 876 1976 ἁπλῶς
905 1902 960 1964 καί
984 1894 1117 1987 ἀφελῶς
1145 1919 1246 1966 enun-

118 2007 259 2070 tiatorum
282 2003 524 2070 accuratissima
540 2003 746 2088 responsione
762 2003 969 2070 damnantur:
990 2005 1132 2088 ineptum
1147 2004 1246 2068 inter·

118 2113 345 2192 prementum
369 2114 442 2172 sunt
463 2107 525 2172 coli
549 2100 593 2182 ὡς
616 2105 686 2170 ἔστι
710 2119 780 2182 τοῖς
804 2102 919 2182 ἀλλοις
942 2104 1098 2194 σύνηθες.
1285 2171 1291 2181 ,

196 2232 228 2296 p.
247 2213 354 2275 9804ss
377 2211 465 2274 Inter
479 2209 701 2292 Thucydidiae
725 2208 811 2294 apud
827 2209 1075 2275 Demosthenem
1098 2208 1246 2274 dietionie

119 2315 259 2398 exempla
270 2313 624 2397 Dionysiuspananss
636 2333 676 2378 ex
685 2313 829 2378 Midiana
840 2313 1077 2398 paragraphum
1086 2316 1127 2376 69
1139 2312 1243 2377 affert.

121 2417 235 2483 Deinde
257 2417 364 2501 pergit
387 2420 419 2479 τί
441 2412 480 2502 δή
505 2413 612 2482 πάλιν
635 2415 726 2480 ἐστίν
749 2414 785 2481 έν
808 2413 940 2492 τούτοις
962 2411 998 2479 τύ
1019 2411 1247 2498 συνταράττον

121 2515 174 2606 τήν
193 2517 278 2584 κατὰ
302 2517 408 2605 φύσιν
431 2512 659 2604 ἄπαγγελίαν;
686 2519 859 2602 Sequentia
882 2519 1054 2603 Sylbnrgio
1076 2519 1191 2602 partim
1216 2525 1247 2583 et

121 2624 322 2690 Ambrosiano
346 2623 529 2689 anetnribns
551 2624 597 2688 ita
621 2622 796 2688 constituo:
837 2627 982 2706 Πρῶτον
1011 2621 1075 2704 μὲν
1104 2618 1141 2686 τὸ
1164 2622 1247 2704 πρὶν

113 2718 300 2811 Ιἀπαρτίσαι
322 2721 360 2790 τὸ
384 2719 570 2811 ήχούμενυν
592 2724 658 2789 ε’ίτε
682 2722 792 2811 νύημα
814 2722 876 2812 χρή
901 2726 1010 2809 λέγειν
1036 2723 1102 2788 εἴτε
1126 2725 1241 2802 κῶλον,

123 2825 227 2914 ἕτερον
247 2829 492 2914 παρεμβαλεῖν,
519 2829 576 2893 καὶ
597 2828 681 2914 μηδὲ
708 2835 768 2894 τού
797 2828 956 2912 δευτέρου
985 2828 1080 2902 τέλος
1110 2825 1246 2907 έχοντος

122 2927 154 2994 τὸ
175 2936 284 3017 τρίτον
307 2929 498 3011 ἐπιζεῦξαι,
526 2925 598 2995 εἶτα
621 2928 682 3018 τήν
704 2938 765 2996 τοῦ
787 2931 945 3016 δευτέρου
972 2927 1142 3016 νοήματος
1166 2923 1246 2992 ἀκο-

123 3033 256 3102 λουθίαν
280 3033 339 3100 ἐπὶ
361 3041 407 3119 τῷ
429 3039 530 3118 τρίτην
557 3035 652 3110 τέλος
675 3031 830 3120 εἰληφότι
852 3039 978 3100 θεῖναι.
1012 3028 1157 3098 κάπειτα
1187 3029 1274 3097 ε’πὶό

123 3143 226 3221 πᾶσιν,
253 3136 270 3203 ὃ
295 3144 355 3204 τοῦ
378 3134 514 3222 πρώτου
536 3141 637 3222 μέρος
659 3126 709 3224 ἦν,
743 3135 800 3202 διὰ
821 3144 953 3222 μακροῦ
975 3137 1032 3201 καί
1055 3131 1165 3202 οὐκέτι
1188 3143 1245 3222 τῆς

124 3238 263 3318 διανοίας
286 3235 368 3308 αὐτὸ
393 3240 667 3327 προσδεχομένης
691 3235 899 3306 ἀποδοῦναι·
928 3236 1040 3323 Ἐμοὶ
1070 3240 1111 3305 δέ
1139 3237 1181 3316 ὃς
1203 3277 1245 3288 -

125 3336 208 3406 ούπω
230 3351 329 3409 τοῦτο
352 3344 448 3420 τέλος
474 3341 542 3424 ἐ’χει
564 3381 607 3392 -
635 3342 721 3407 ε’ίτε
752 3367 816 3420 τις
846 3332 1116 3430 ὦἈθηναῑοι
1143 3339 1246 3423 βού-

124 3444 229 3512 λεται
249 3451 430 3530 νομίσαι
447 3451 607 3529 μανίαν
620 3485 664 3494 -
679 3446 794 3531 ἕτερον
809 3454 907 3512 τούτο
923 3451 1171 3531 κεχωρισμένον
1187 3453 1247 3511 τοῦ

123 3555 291 3636 προτέρου,
328 3544 443 3627 ἀτελὲς
472 3552 529 3615 καὶ
560 3544 642 3616 αύτὸ
664 3589 708 3598 -
730 3556 862 3633 μανία
892 3547 968 3635 γάρ
998 3549 1097 3626 ἰ’σσυς
1129 3547 1295 3614 έστὶνιυ

123 3643 217 3739 ὑπὲρ
239 3651 422 3737 δύναμίν
444 3679 482 3718 τι
505 3667 650 3720 ποιεῖν
672 3693 712 3704 -
737 3649 915 3740 σύδετέρου
938 3661 1036 3719 τοῦτο
1060 3651 1166 3719 πάλιν
1182 3660 1247 3718 τῶν

126 3762 366 3844 προειρημένων
379 3761 491 3844 μέρος,
519 3752 594 3822 ἀλλ’
614 3752 696 3823 αὐτὸ
720 3752 802 3822 καθ’
821 3752 913 3838 αύτὸ,
933 3755 1167 3845 κεφαλαιώδης
1183 3755 1246 3842 γάρ

126 3879 169 3933 τις
189 3857 274 3927 ἐστίν
301 3855 544 3948 ἀπόφασις-
574 3860 660 3926 ε’ίτε
690 3863 758 3926 καὶ
788 3863 1047 3948 φιλοτιμίαν
1074 3897 1116 3912 ·-
1147 3868 1245 3926 τοῦτο
1332 3931 1336 3943 ,

126 3957 157 4023 δέ
176 3971 231 4029 τοῦ
252 3963 410 4050 δευτέρου
432 3970 534 4048 μέρος
563 3953 604 4051 ήν
626 3972 686 4031 τοῦ
717 3964 809 4043 ..εἴτε
840 3988 890 4040 τις
920 3963 1079 4047 βούλεται
1108 3969 1244 4046 νομίσαι

125 4070 255 4141 μανίαν*
278 4069 349 4133 κτλ.
1265 4082 1293 4129 15

127 4203 317 4219 ,κῇ-

187 4290 203 4351 ¹)
221 4291 339 4346 Vlietius
357 4307 385 4361 p.
402 4292 448 4344 83:
472 4308 514 4349 τις
533 4289 676 4348 ἀντίθεσις
695 4291 763 4346 MR.
