3182 5136
545 401 589 410 -
637 365 720 446 [aaa]
767 400 811 411 -
1183 367 1245 429 acc

114 560 230 634 carent,
246 553 293 618 ita
304 551 537 618 inconstantiae
549 552 651 618 vinnm
664 552 791 618 doctum
803 559 951 636 arguunt,
968 553 1022 636 qui
1033 575 1065 638 p.
1079 555 1153 618 778⁷
1170 574 1248 620 ean·
1373 575 1374 584 ¹

113 657 183 722 dem
205 657 400 722 locutionem
421 655 580 738 integram
601 655 779 738 reliquerit3
806 655 849 722 cf.
874 658 913 722 A.
931 659 970 722 R.
988 658 1020 722 Π
1041 659 1081 720 23
1105 679 1137 742 p.
1160 662 1248 724 1421c

113 761 232 826 Kiessl.
259 754 300 826 οδ
322 756 428 843 μόνον
450 766 509 846 τῆς
530 759 610 845 περὶ
632 765 739 825 ταῦτα
763 763 887 846 σοφίας
910 757 1009 846 χάριν
1032 755 1125 840 ἄξιος
1149 758 1249 826 έπαι-

111 867 249 928 νεῖσθαι
270 857 287 928 ὁ
314 857 409 950 ἀνήρ.
456 863 557 928 Multo
579 883 656 928 vero
678 862 833 929 audacius
855 864 1045 947 particulam
1062 863 1099 928 δέ
1121 864 1248 930 intrusit

111 967 189 1032 haec
204 964 378 1032 adnotans:
409 964 466 1044 „oc
480 972 553 1050 post
568 963 686 1030 έπειτα
707 965 853 1050 (addidi),
872 967 947 1048 quia
962 967 1140 1051 praecessit
1154 973 1247 1052 πρῶ-

110 1093 166 1135 τον
199 1073 296 1152 μέν“.
343 1067 544 1151 Quamquam
565 1067 778 1152 'grammatici
811 1068 926 1136 docent
959 1069 1010 1152 (cs.
1042 1071 1244 1154 Krucgerum

109 1193 154 1256 gr.
171 1171 231 1238 Gr.
258 1172 275 1256 §
292 1174 343 1252 69,
364 1173 463 1254 2421)
492 1172 591 1238 verba
613 1171 828 1257 pantocrator
849 1191 947 1258 saepe
962 1173 1065 1258 excipi
1088 1174 1246 1259 pamicula

110 1275 239 1358 ἔπειτα,
265 1275 369 1340 rarius
393 1275 569 1340 coniunctis
592 1273 711 1340 έπειτα
735 1274 780 1340 δέ.
829 1275 973 1342 Eandem
996 1277 1186 1361 particulam
1209 1276 1246 1342 δέ

111 1401 141 1464 p.
158 1383 251 1444 75710
276 1377 404 1457 „invitis
420 1378 535 1444 .libris“
561 1377 702 1444 addidit:
729 1385 865 1464 πρῶτον
886 1382 1028 1464 (πρῶτος
1043 1381 1164 1465 Herw.)
1184 1380 1247 1463 μὲν

110 1475 125 1546 ὁ
150 1477 378 1568 γνησιώτατος
401 1474 506 1546 αὐτοῦ
527 1478 684 1568 μαθητὴς
706 1477 954 1569 Ἀριστοτέλης,
982 1481 1100 1548 ἔπειτα
1124 1476 1193 1570 (δ’)
1214 1481 1245 1547 oi

110 1585 191 1670 περὶ
213 1579 465 1672 Κηφισόδωρόν
493 1606 528 1648 τε
551 1584 608 1648 καὶ
639 1579 860 1666 Θεόπομπον.
907 1586 1005 1650 Recte
1035 1583 1119 1651 hunc
1142 1586 1245 1652 locum

111 1688 201 1753 cuius
224 1707 327 1772 nuper
351 1686 611 1765 „observationes
634 1687 865 1770 grammaticae
886 1688 928 1754 de
951 1687 1113 1752 modorum
1135 1708 1196 1754 usu
1211 1688 1244 1752 in

110 1791 259 1876 Dionysii
295 1789 576 1856 Halicarnasensis
609 1789 863 1872 Antiquitatibus
900 1791 1052 1856 Romanis
1061 1797 1078 1828 ‘⁶
1116 1791 1244 1876 prodie-

112 1901 185 1959 runt
211 1893 504 1978 [Gryphiswaldiae
529 1895 619 1976 1875)
649 1893 782 1960 Carolus
804 1893 1010 1960 Baumannus
1032 1895 1073 1960 ab
1096 1895 1246 1961 Herwer-
1334 1885 1335 1888 ¹

110 1997 185 2063 deni
207 2004 324 2062 conatu
340 1996 485 2062 defendit
507 1998 548 2081 (p.
567 1999 634 2078 31).
680 1997 793 2081 Neque
816 1997 900 2064 enim
922 1998 1159 2081 neglegendum
1181 2005 1241 2082 est,
1342 2082 1345 2088 ,

108 2099 191 2183 quod
213 2100 298 2165 inter
319 2107 366 2164 tot
387 2099 622 2182 Antiquitatum
645 2099 731 2166 locos
753 2099 893 2184 quinque
916 2106 1038 2166 tanturn
1062 2107 1146 2184 sunt,
1172 2101 1244 2184 qui-

107 2205 165 2269 bus
188 2201 309 2268 ἔπειτα
333 2203 525 2286 δὲ-Ιεςίιαε;
552 2223 631 2287 quos
653 2203 695 2268 ad
717 2209 892 2269 ceterorum
914 2203 1157 2270 similitudinem
1172 2225 1244 2272 cor-

108 2305 258 2390 rigendos
282 2325 354 2372 csse
376 2306 551 2391 probabilis
575 2313 625 2372 est
639 2306 818 2372 Baumanni
842 2307 1002 2374 sententia
1022 2309 1063 2392 (p.
1083 2311 1148 2392 33).
1195 2308 1244 2372 Ex

108 2409 273 2476 rhetoricis
311 2409 439 2496 scriptis
476 2417 605 2495 praeter
642 2409 699 2476 illa
735 2410 903 2478 locutionis
940 2417 1076 2498 πρῶτον
1112 2411 1175 2494 μέν
1201 2451 1244 2460 -

108 2512 224 2580 ἔπειτα
246 2513 303 2598 (δέ)
324 2514 471 2598 exempla
492 2514 602 2580 notavi
623 2513 720 2580 haec:
754 2535 787 2598 p.
806 2519 860 2579 551
877 2508 986 2602 ’Ἑφην
1008 2515 1044 2580 δέ
1063 2511 1124 2603 τὴν
1140 2509 1244 2604 ἀκοὴν

111 2613 255 2700 ἥδεσθαι
277 2621 444 2704 πρῶτονέ)
478 2617 542 2699 μὲν
569 2629 640 2694 τοῖς
668 2618 814 2700 μέλεσιν,
849 2616 967 2683 ’έπειτα
990 2631 1061 2696 τοῖς
1084 2618 1240 2705 ῥυθμοῖς,

111 2726 221 2806 τρίτον
243 2731 319 2797 ταῖς
337 2721 551 2803 μεταβολαῖς,
580 2718 638 2786 tal
661 2720 697 2786 δὲ
719 2717 852 2798 τούτοις
875 2715 985 2786 ἅπασι
1000 2729 1046 2807 τῷ
1060 2727 1239 2809 πρέποντι.

109 2828 180 2891 ’λίίε
204 2822 248 2888 τδ
272 2821 453 2910 γράμματα
476 2817 559 2892 ὅταν
576 2820 831 2908 παιδευώμεθα,
858 2825 1078 2910 πρῶτονμὲν
1099 2825 1141 2890 τὰ
1165 2820 1243 2892 δνό-

109 2953 194 3009 ματα
227 2921 341 2994 αὐτῶν
369 2923 645 3011 ἐκμανθάνομεν,
684 2925 802 2993 ἔπειτα
832 2924 911 3005 τοὺς
940 2924 1070 3005 τύπους
1098 2930 1155 2994 καὶ
1182 2927 1243 3007 τὰς

112 3030 286 3116 δυνάμεις,
328 3025 400 3099 εἶθ’
426 3025 513 3097 οὕτω
547 3029 607 3108 τὰς
636 3029 806 3114 συλλαβὰς
835 3032 905 3098 κτλ.
949 3036 1044 3098 ccco
1074 3038 1154 3110 Πῶς
1183 3023 1243 3100 οὖν

111 3130 149 3206 δν
169 3160 222 3213 τις
251 3135 414 3222 δυνηθείη
446 3131 525 3212 τοὺς
552 3139 709 3222 γνησίους
739 3130 872 3220 αὐτοῦῖ)
900 3135 1076 3221 γνωρίζειν
1101 3134 1238 3223 λόγους;

116 3247 248 3326 πρῶτον
285 3238 348 3322 μὲν
378 3237 408 3304 εἰ
442 3237 618 3304 ἐπίσταιτο
651 3235 730 3315 τοὺς
763 3245 830 3304 τών
864 3235 974 3306 ἄλλων
1010 3248 1238 3328 χαρακτῆρας·

110 3340 223 3408 ἔπειτα
246 3338 326 3418 τοὺς
347 3340 411 3423 μὲν
424 3345 561 3407 Λυσίου
583 3342 846 3430 παραπλησίους
868 3339 989 3427 λόγους
1007 3340 1115 3428 τούτῳ
1133 3367 1242 3431 προσ-

111 3451 215 3532 φέροι.
267 3447 344 3510 8225
367 3451 504 3531 πρῶτον
525 3445 588 3528 μὲν
610 3441 650 3533 δὴ
672 3441 759 3510 κατὰ
774 3444 883 3510 ’τοῦτο
906 3443 1061 3532 διήλλαξε
1084 3453 1150 3514 τῶν
1172 3447 1240 3534 πρὸ

110 3543 209 3615 αὐτοῦ
231 3552 456 3634 συγγραφέων
481 3597 487 3611 .
510 3597 545 3612 ..
574 3568 657 3614 vers.
678 3574 690 3614 o
714 3546 832 3614 ’έπειτα
855 3545 941 3614 κατὰ
963 3545 1000 3614 τὸ
1023 3549 1128 3636 μηδὲν
1157 3545 1240 3637 αὐτῇ

67 3651 68 3655 ’
111 3653 264 3732 μυθῶδες
286 3647 480 3738 προσάψαι.

191 3806 350 3885 Quoniam
366 3812 472 3872 autem
484 3805 673 3890 Dionysium
689 3806 729 3871 ab
741 3805 946 3872 Herwerdeni
964 3807 1153 3874 coniecturis
1169 3810 1242 3876 vin-

111 3909 213 3977 dicare
229 3909 403 3994 coepimus,
423 3910 602 3994 paullulum
614 3909 827 3975 subsistamus
839 3909 922 3976 etde
935 3910 1007 3976 aliis
1019 3911 1180 3976 nonnullis
1192 3913 1241 3978 vi-

111 4011 251 4079 deamus.
284 4014 320 4077 P.
336 4015 456 4077 72710ss
468 4005 650 4100 Ἐγεννήθη
666 4011 703 4077 δέ
724 4013 931 4097 (Aristoteles)
950 4011 1036 4078 κατὰ
1052 4011 1112 4101 τὴν
1128 4013 1240 4103 ἐνενη-

181 4271 196 4334 ¹)
216 4272 327 4342 πρῶτον
345 4268 490 4338 Uptonus:
512 4265 631 4340 πρώτοις
647 4269 673 4322 R
694 4273 705 4335 d
728 4270 748 4335 λ)
769 4267 856 4322 αὐτοῦ
875 4269 969 4339 sylo:
990 4266 1065 4338 αὐτῷ
1081 4270 1142 4324 FR.

1003 4374 1034 4422 14
