3250 5146
598 397 642 408 -
690 363 752 444 [er]
799 396 844 409 -
1273 367 1292 426 r

153 555 293 640 epistula
316 551 547 642 comprehensa
572 549 742 634 pertinent,
775 550 816 614 ab
840 548 953 614 eodem
977 550 1121 635 Sauppio
1148 551 1293 636 reperies

152 663 298 725 enotatas
312 657 347 720 in
364 652 1065 736 ,1100101011οη10οΚ000101600011001ιο11
1081 653 1294 722 dchissen-
1398 643 1402 648 ’

152 761 300 827 sebasten
321 779 361 824 zu
383 757 598 840 Goetbngen“
624 758 706 820 1863
729 776 760 840 p.
781 759 865 820 4600.

238 880 329 958 Quae
351 883 475 945 restant
496 876 645 962 Dionysii
674 896 773 961 opera
795 877 968 960 rhetorica,
1001 884 1170 962 postquam
1193 879 1289 947 (1.6.

151 984 367 1066 Kruegerus¹l
399 981 572 1066 epistulam
595 979 637 1045 ad
661 980 720 1045 Cn.
739 980 938 1064 Pompeium,
970 980 1010 1046 de
1032 981 1221 1067 Thucydide
1242 983 1294 1048 iu-

152 1087 281 1168 dicium,
313 1085 458 1150 libellum
479 1083 521 1148 de
543 1081 742 1168 Thucydidis
763 1082 925 1148 idiomatis
955 1083 1104 1150 continuo
1131 1105 1293 1153 commen-

151 1191 234 1256 tario
266 1189 428 1254 illustrata
455 1186 557 1252 edidit
589 1205 782 1269 quamquam
811 1207 853 1252 ne
883 1187 956 1270 ipse
985 1187 1116 1269 quidem
1148 1189 1293 1256 codicum

151 1291 305 1357 subsidiis
328 1309 417 1371 usus,
449 1288 584 1355 ethaeo
610 1289 799 1371 etreliqua,
832 1289 906 1354 libri
935 1288 975 1355 de
998 1290 1137 1374 antiquis
1160 1294 1295 1358 oratori-
1409 1325 1411 1328 ·

150 1395 211 1461 bus
234 1399 358 1479 partem
381 1391 531 1477 priorem,
558 1389 598 1456 de
613 1390 829 1457 Demosthene
850 1390 1012 1474 iudicium,
1038 1400 1182 1459 veterum
1197 1415 1293 1476 quam

151 1503 268 1563 vocant
290 1515 459 1562 censuram
489 1498 632 1578 (excepto
655 1494 696 1559 de
711 1494 875 1560 Dinarcho
897 1495 1019 1578 libello,
1045 1496 1100 1580 qui
1122 1497 1191 1562 0010
1206 1498 1293 1563 Lan-

151 1601 297 1666 rentiano
320 1599 400 1684 plut.
420 1597 497 1662 LIX
514 1602 552 1660 15
576 1597 687 1662 nititur
708 1603 740 1662 et
763 1617 802 1662 ex
825 1617 864 1663 eo
882 1617 947 1662 una
969 1619 1039 1664 eum
1054 1600 1149 1665 Isaeo
1164 1621 1184 1665 a
1199 1601 1295 1666 Petro

151 1703 292 1770 Victorio
323 1702 473 1785 Lugduni
501 1721 531 1765 a.
554 1701 635 1764 1580
664 1699 785 1785 publici
813 1699 893 1766 iuris
922 1700 1027 1767 faetus
1057 1704 1115 1787 est)
1157 1703 1294 1787 primum

151 1807 306 1872 librorum
321 1825 418 1870 mann
435 1804 622 1888 scriptorum
634 1803 825 1870 lectionibus
841 1804 996 1870 instructa
1011 1805 1112 1871 edidit
1127 1805 1290 1890 11111001)

152 1915 280 1993 praeter
309 1907 390 1972 alios
420 1907 584 1972 Parisinos
614 1905 753 1972 maxime
782 1925 861 1971 usus
890 1905 1052 1973 codicibus
1081 1907 1294 1976 bibliothecae

153 2011 301 2095 publicae
324 2031 355 2074 n.
371 2013 453 2074 1657
475 2009 521 2092 (Α)
549 2015 581 2074 01
603 2011 731 2073 01742
752 2008 814 2091 (Β).
854 2009 893 2072 Εἰ
916 2015 1024 2075 10000
1039 2010 1211 2095 collationi,
1234 2011 1295 2078 etsi

153 2113 399 2197 diligentissime
425 2112 460 2176 in
488 2131 528 2176 ea
556 2131 591 2177 se
614 2111 797 2177 elaborasse
820 2111 953 2178 Gnosius
982 2112 1190 2198 profitetur³),
1230 2135 1294 2180 non

153 2238 302 2301 magnam
325 2217 421 2282 tidem
443 2215 650 2299 irrogandam
674 2235 744 2282 esse
766 2216 928 2282 Usenerus
952 2217 1162 2300 gravissimus
1185 2226 1298 2285 auctor

153 2329 218 2400 est,
246 2321 288 2386 01.
314 2321 423 2385 00001.
448 2319 562 2404 philol.
582 2321 663 2383 1873
687 2339 720 2402 p.
743 2323 813 2383 154.

239 2441 303 2519 Qui
326 2441 474 2506 Gnosium
497 2439 624 2524 excepit
646 2439 803 2505 Henricus
825 2459 889 2504 vau
911 2439 1140 2522 Herwerden⁴)
1171 2443 1293 2526 primus
1410 2481 1412 2484 -

152 2545 282 2610 Italicos
305 2543 432 2608 codices
456 2541 619 2624 adhibuit,
652 2541 897 2607 Ambrosianum
921 2541 1028 2605 D119
1052 2562 1123 2627 sup.
1150 2551 1182 2609 et
1197 2545 1294 2610 Pala-

153 2649 252 2712 tinum
275 2647 567 2712 101100000058
590 2645 624 2709 10
647 2643 856 2710 emendandis
879 2643 1025 2728 epistulis
1048 2643 1092 2710 ad
1106 2647 1295 2712 Ammaeum

154 2750 193 2816 de
214 2749 432 2814 Demosthene
455 2755 487 2813 et
509 2747 680 2812 Aristotele
710 2754 742 2812 et
764 2747 806 2812 ad
829 2747 887 2812 On.
906 2747 1104 2832 Pompeium,
1136 2749 1295 2840 Florenti-

154 2874 211 2918 nos
242 2873 301 2918 sex
329 2852 363 2918 iu
385 2851 524 2936 epistula
546 2849 589 2915 ad
611 2851 799 2915 Aminaeum
828 2850 1002 2934 posteriore
1033 2849 1074 2916 de
1096 2851 1295 2936 Thucydidis

154 2955 328 3022 idiomatis.
375 2955 450 3020 Mon
479 2953 564 3019 idem
593 2953 626 3017 in
649 2953 788 3019 editione
811 2953 929 3038 Lysiae
953 2955 1130 3018 orationum
1158 2957 1295 3021 selecta-

154 3081 233 3142 rum,
261 3078 345 3141 quae
367 3058 485 3142 prodiit
507 3057 691 3140 Groningae
714 3079 745 3122 a.
764 3056 1029 3139 MDOCOLXHI,
1063 3064 1095 3122 et
1117 3059 1294 3124 orationem

154 3163 187 3227 in
220 3163 425 3246 Diogitonem
459 3168 491 3226 et
524 3159 635 3226 iudicii
667 3159 707 3226 de
737 3159 838 3244 Lysia
869 3159 995 3224 initium
1030 3160 1072 3244 (p.
1099 3165 1294 3226 ost-471⁷

227 3421 245 3482 1)
267 3417 397 3488 Dionysii
410 3417 666 3471 Halicarnassensis
683 3415 934 3484 historiographica
949 3459 954 3470 .
969 3458 974 3470 .
989 3459 994 3470 .
1017 3431 1078 3470 oum
1097 3417 1220 3486 priorum
1234 3419 1297 3472 edi-

156 3511 247 3559 torum
266 3505 382 3573 suisque
400 3503 628 3558 adnotationibus
647 3501 736 3556 edidit
755 3501 872 3556 Carolus
891 3501 1047 3557 Guilelmus
1062 3502 1180 3570 Krtiger.
1218 3503 1298 3558 Halis

156 3591 298 3645 Saxonum
313 3586 548 3644 Mncoexxnl.
568 3618 604 3626 -
622 3587 717 3642 Sicubi
734 3587 764 3640 in
786 3587 840 3642 hoc
857 3587 953 3642 libello
971 3587 1146 3656 Kruogerum
1164 3588 1294 3654 laudabo,

156 3678 179 3730 si
197 3675 267 3730 nihil
285 3673 430 3740 addidero,
450 3675 527 3728 illum
546 3673 646 3728 librum
663 3689 706 3726 me
722 3673 888 3742 intellegere
907 3675 978 3728 scito
1013 3673 1022 3742 11
1057 3675 1076 3736 1)
1097 3664 1225 3728 Examen
1239 3676 1297 3728 eri-

154 3761 233 3830 tique
246 3761 297 3815 des
310 3757 373 3829 plus
386 3758 512 3814 celebres
523 3758 663 3814 eerivains
682 3759 717 3814 de
735 3759 763 3814 la
776 3757 867 3814 Greee
884 3775 935 3828 par
947 3760 1045 3829 Denys
1057 3760 1294 3824 d'Halicarnasse;

155 3847 263 3901 traduit
274 3861 310 3902 en
322 3845 443 3916 traneais
463 3887 505 3901 ...
526 3844 694 3900 collationne
708 3861 756 3898 sur
768 3845 809 3900 les
821 3847 988 3900 manuscrits
1006 3845 1041 3900 de
1060 3847 1087 3900 10
1104 3845 1298 3915 bibliotheque

155 3933 193 3986 du
205 3933 247 3986 roi
261 3929 817 4000 0100010000111000000011100000111.
833 3930 913 3986 Gros.
934 3931 1014 3986 Paris
1029 3933 1095 3984 18²6
1129 3930 1139 4000 h
1173 3930 1192 3996 ³)
1213 3933 1270 3985 vol.
1284 3931 1298 3984 l

156 4033 182 4086 p.
198 4010 290 4073 XXV.
329 4016 407 4070 Dans
425 4017 453 4070 la
472 4017 605 4071 collation
623 4017 673 4070 des
692 4017 868 4081 manuscrits,
884 4017 935 4086 j’ai
953 4017 1078 4070 recueilli
1096 4016 1139 4070 les
1156 4018 1298 4072 variantes

155 4119 224 4158 avec
242 4105 270 4157 la
287 4104 352 4172 plus
368 4102 549 4171 serupuleuse
562 4103 702 4156 attention
736 4101 746 4170 ΙΙ
780 4103 800 4166 ⁴]
820 4102 952 4172 Dionysii
967 4093 1224 4158 Halicarnassensis
1236 4105 1298 4171 epi-

158 4189 248 4242 stolae
273 4189 387 4242 criticae
411 4193 551 4242 tres...
578 4187 667 4241 edidit
689 4186 827 4242 Henricus
850 4203 906 4241 van
927 4187 1105 4241 Herwerden.
1138 4186 1299 4256 Groningae
1397 4207 1401 4216 ·

156 4273 357 4330 undeceni.
