3224 5140
350 377 409 437 ras
781 411 824 418 -
873 375 955 455 rara]
1004 412 1047 419 -

346 587 381 626 τε
405 559 465 627 τὸν
487 560 634 627 ἔκπλουν
655 565 751 647 μέρει
773 556 884 627 αὐτῶν
906 557 1101 648 ἐφύλασσον
1123 563 1180 627 καί
1203 559 1289 627 κατὰ
1307 559 1368 628 τὸν
1384 557 1484 631 ἄλλον

346 663 456 749 κύκλῳ
479 665 608 746 λιμένα,
647 659 742 740 ὅπως
769 661 992 746 πανταχόθεν
1026 660 1096 747 ἅμα
1130 670 1387 751 προσπίπτοιεν
1417 678 1484 741 τοῖς

346 766 559 855 Ἀθηναίοις·
586 769 643 831 καὶ
666 762 683 832 ὃ
707 765 812 847 πεζὸς
835 763 950 844 αὐτοῖς
974 763 1044 850 ἅμα
1075 766 1366 856 παρεβοήθει,
1400 761 1484 854 ήπερ

346 873 402 936 καὶ
425 871 460 935 αἱ
482 879 559 959 νῆες
581 876 821 953 κατίσχυον.
871 873 990 937 Ultima
1014 872 1112 938 verba
1135 891 1213 936 sano
1236 892 1333 938 sensu
1355 881 1480 948 carena

347 997 421 1040 nam
453 976 481 1040 si
510 995 610 1041 naves
639 977 826 1056 vincebant,
863 976 1006 1058 peditum
1042 976 1162 1040 auxilio
1195 997 1275 1059 opus
1309 997 1373 1040 non
1404 985 1482 1041 erat.

348 1081 517 1160 Postquam
541 1083 742 1159 ’κατίσχοιεν
776 1079 809 1142 in
843 1083 1025 1159 κατίσχυον
1059 1080 1155 1162 abiit,
1197 1084 1421 1165 παρυβοήθεῑ
1454 1081 1483 1143 iu

347 1178 562 1267 παρεβοήθει
584 1183 729 1246 consulto
752 1188 928 1246 correctum
952 1190 1012 1247 est.

433 1304 482 1366 ux
504 1302 554 1367 his
577 1323 659 1385 quae
681 1303 784 1367 altero
807 1303 876 1366 loco
900 1301 1030 1367 exhibui
1053 1323 1125 1366 cum
1151 1303 1241 1367 aliud
1269 1301 1351 1367 nihil
1381 1303 1483 1368 luere-

348 1424 427 1488 mur,
447 1407 480 1470 id
496 1413 619 1470 tantum
635 1407 788 1472 discimus
804 1407 972 1489 denuoque
988 1407 1210 1488 cognoscimus
1223 1407 1373 1489 Dionysii
1389 1428 1483 1491 opera

347 1509 504 1574 suetonios
526 1509 763 1594 corruptissime
786 1509 904 1574 tradita
926 1529 1017 1588 esse,
1042 1531 1115 1574 curu
1140 1521 1265 1594 praeter
1294 1511 1378 1575 alios
1409 1511 1483 1575 scri-

348 1613 442 1678 bendi
466 1634 589 1678 errores
612 1614 736 1678 lacunis
759 1633 883 1694 quoque
907 1613 1087 1678 deformata
1110 1614 1190 1692 siut3
1223 1635 1303 1696 quas
1327 1635 1480 1696 cognosse

347 1719 533 1800 plerumque
556 1717 636 1782 satis
659 1719 729 1781 erit.

884 1907 942 1970 III.

433 2045 501 2110 Iam
525 2045 653 2110 remotis
677 2044 726 2108 his
743 2044 830 2109 vitiis
849 2044 989 2126 reliquas
1004 2044 1159 2110 lectiones
1175 2043 1398 2130 discrepantes
1413 2066 1482 2130 pro

347 2147 497 2213 habiliter
526 2149 699 2231 exemplari
729 2147 813 2230 quod
845 2148 1017 2230 Dionysius
1048 2155 1177 2213 secutus
1206 2155 1256 2213 est
1288 2149 1478 2221 tribuemus;

347 2272 557 2334 quamquam,
591 2251 677 2332 quod
707 2251 790 2331 dixi⁷
824 2253 913 2316 oeita
942 2272 1005 2332 qua
1038 2252 1157 2334 singuli
1188 2251 1247 2316 loci
1278 2251 1482 2317 aestimentur

347 2377 459 2420 norma
480 2357 664 2439 regulaque,
692 2355 719 2419 si
742 2355 819 2437 quid
842 2355 945 2436 video,
972 2375 1035 2419 non
1059 2361 1174 2419 exstat.

433 2477 472 2540 Α.
505 2477 609 2558 Atque
636 2475 770 2559 primum
802 2475 931 2556 quidem
960 2476 1001 2542 de
1023 2476 1064 2539 iis
1093 2476 1282 2540 lectionibus
1306 2477 1478 2556 videamus,

348 2600 446 2662 quae,
481 2600 551 2644 oum
582 2579 757 2663 exemplari
780 2581 874 2660 quale
904 2579 1105 2662 grammatici
1129 2580 1341 2644 versabantur
1363 2579 1483 2662 Diony-

348 2684 429 2748 sium
455 2703 545 2747 usum
562 2703 635 2748 esse
657 2683 761 2747 denuo
777 2683 995 2748 demonstrent
1019 2681 1070 2764 (cf.
1090 2703 1164 2765 pag.
1188 2687 1272 2762 llo),
1299 2681 1341 2746 ad
1357 2683 1483 2765 Thucy-

348 2787 455 2852 didem
478 2785 711 2852 emendandum
737 2785 817 2850 nilril
839 2785 979 2851 valeant.

433 2931 463 2973 a.
497 2907 633 2991 Singula
655 2909 753 2974 verba
775 2907 904 2972 diversa
927 2913 1017 2971 sunt:

436 3035 511 3093 1652
532 3033 628 3113 (Silas)
655 3059 696 3083 =
718 3029 784 3092 122
806 3049 838 3112 p.
861 3033 927 3092 1623
958 3035 1016 3114 τής
1039 3051 1073 3091 τε
1104 3021 1189 3090 καθ’
1222 3020 1351 3114 ἡμέραν
1383 3020 1480 3110 σἰναγ-

348 3137 447 3197 καίου
470 3139 598 3218 τροφής
618 3139 796 3212 πανταχοῦ
811 3125 853 3195 ἂν
868 3125 1048 3217 ἡγούμενοι
1065 3125 1261 3216 ἐπικρατεῖν
1276 3125 1317 3195 οὗ
1331 3131 1480 3212 χαλεπῶς

349 3231 600 3302 ἀνίστανται
628 3230 871 3300 ἀπανίσταντο.

435 3343 508 3404 8241
539 3341 649 3423 (85915)
676 3340 835 3403 :1224
864 3360 896 3423 p.
916 3341 985 3404 281³
1017 3332 1092 3404 ὅσοι
1114 3338 1150 3402 δὲ
1173 3335 1399 3424 βουλήσονται
1421 3342 1480 3399 τιῖιν

348 3447 411 3527 cel)
441 3439 677 3527 γεγονότων
699 3438 736 3508 τὸ
761 3442 870 3528 σαφὲς
894 3455 1048 3508 σκοπεῖν
1076 3446 1277 3527 γενομένων.

435 3548 526 3610 solu
548 3549 657 3629 (80812)
683 3577 725 3601 =
747 3548 833 3612 1703
863 3569 895 3630 p.
915 3535 980 3610 557'
994 3543 1030 3610 τὸ
1056 3546 1123 3630 dt2)
1150 3539 1342 3631 ὑμέτερονῧ)
1370 3551 1426 3632 τής
1448 3567 1477 3605 τε

349 3646 523 3732 δυνάμεως
546 3644 645 3715 ἐνδεᾶ
667 3651 826 3736 πρᾶξαιί)
855 3657 912 3736 τής
935 3674 969 3714 τε
993 3647 1124 3736 γνώμης
1153 3649 1237 3735 μηδὲ
1268 3659 1339 3724 τοῖς
1369 3650 1479 3732 βεβαί-

350 3757 431 3839 cccl)
460 3761 649 3836 πιστεῦσαι,
682 3760 760 3819 τῶν
788 3753 828 3817 dl:
857 3752 1011 3818 δεινῶν
1038 3753 1207 3840 μηδέποτε
1236 3750 1375 3830 οἴεσθαι
1398 3745 1478 3814 ἀπο-

349 3855 566 3945 λυθήσεσθαι
576 3860 617 3942 ⁶l²
643 3865 709 3923 τῶν
731 3881 766 3921 τε
790 3856 918 3922 δεινῶν.

420 4084 436 4150 ¹)
457 4099 486 4135 τε
504 4100 558 4138 om.
573 4081 600 4136 M
619 4084 717 4148 85915;
739 4079 775 4137 cf.
795 4098 859 4152 pag.
877 4083 924 4134 133
943 4087 1000 4135 not.
1017 4085 1031 4134 3
1051 4085 1062 4148 ΙΙ
1085 4081 1104 4148 ²)
1126 4077 1153 4132 d'
1169 4081 1192 4134 L
1211 4081 1294 4132 80812
1313 4083 1326 4146 ll
1349 4080 1369 4146 3)
1389 4060 1477 4149 {pire-

350 4221 532 4294 povLSllllo
558 4224 568 4287 ΙΙ
597 4223 617 4286 ⁴)
639 4183 862 4292 ἒνιίεῖιίίάρξαιΑ
882 4223 960 4272 solur
996 4225 1006 4286 ΙΙ
1035 4222 1055 4284 ⁵)
1076 4181 1325 4288 flnfluilllsASOStl
1352 4222 1364 4285 ΙΙ
1392 4219 1412 4281 θ]
1430 4218 1478 4266 τῶν

349 4339 384 4348 —
403 4304 636 4374 ἀπολυθήσεσθαι
655 4323 708 4359 0111.
729 4308 810 4362 codd.
832 4310 974 4360 sulla-ra.
