3182 5136
316 378 377 442 1so
752 412 797 424 -
844 377 928 458 [τοι]
975 411 1019 423 -

282 601 286 610 ·
318 557 505 640 ἀκούοντας
527 569 566 648 τῇ
590 561 788 650 δημηγορίᾳ.
829 555 873 638 ὡς
903 561 940 626 δὲ
962 555 1112 649 τάληθὲς
1134 560 1219 644 ἐ’χει,
1254 558 1367 626 ὁκαὶ
1392 563 1455 645 [καὶ

316 687 377 733 om.
403 666 446 748 M]
481 661 780 751 παλαιότερον
810 664 898 730 αἰεί
926 689 967 729 τι
996 663 1308 752 θαυμαζομένη
1344 658 1373 748 [ό
1402 667 1456 730 καὶ

315 766 546 855 παλαιότερον
569 763 621 834 dai
644 763 908 852 θαυμαζόμενος
922 770 961 852 R]
987 767 1195 855 Θουκυδίδης
1217 763 1369 851 τοτ’ίνομα
1386 769 1457 834 θαι-

314 868 522 955 μονιιότατος
545 879 611 938 τιῑιν
633 876 859 958 συγγραφέων
880 869 917 938 ’ἐν
938 895 974 936 τε
997 878 1044 957 τῷ
1067 870 1241 958 ἐπιταφίῳ
1257 873 1315 936 καὶ
1333 870 1370 938 ἐν
1385 883 1456 949 ταῖς

314 974 534 1062 δημηγορίαις
548 977 706 1062 ποιητικῇ
721 981 910 1060 κατασκευῇ
924 973 1136 1062 χρησόμενος
1153 973 1190 1042 ἐν
1204 977 1348 1052 πολλοῖς
1364 973 1457 1063 ἐξήλ-

313 1079 393 1158 λαξε
423 1075 484 1166 την
513 1077 693 1166 ἑρμηνείαν
721 1077 769 1156 εἰς
800 1073 902 1163 όγκον
931 1072 1001 1160 ἅμα
1030 1079 1088 1143 καὶ
1120 1075 1250 1161 κόσμον
1279 1073 1457 1162 ὀνομάτων

315 1174 525 1268 ἀηθέστερον
547 1183 623 1247 FM.
676 1182 783 1248 Verba
814 1201 897 1264 quac
927 1180 1084 1265 exscripsi
1116 1181 1198 1246 hacc
1226 1181 1358 1246 volunt:
1395 1202 1455 1248 non

315 1284 462 1368 Gorgias,
490 1285 548 1351 sed
562 1283 768 1371 Thucydides
790 1285 913 1370 primus
935 1284 1094 1369 poeticam
1117 1290 1149 1350 et
1166 1285 1326 1368 tropicam
1343 1285 1457 1351 dictio-

314 1406 388 1453 nem
399 1386 534 1453 Athenis
550 1385 708 1452 adhibuit.
738 1385 828 1464 Quac
843 1387 1004 1452 sententia
1015 1386 1075 1454 etsi
1087 1405 1241 1471 pervorsa
1252 1393 1340 1452 certo
1351 1393 1456 1454 tamen

315 1489 463 1574 Dionysii
479 1496 540 1556 est.
575 1490 658 1557 Vide
674 1490 842 1573 quomodo.
873 1491 981 1556 Verba
994 1490 1129 1556 laudata
1143 1490 1336 1575 Dionysium
1356 1492 1457 1557 oredi-

314 1591 400 1658 disse
416 1593 552 1676 probant
562 1592 784 1678 Thucydidem
801 1593 946 1676 singulas
962 1613 1014 1659 res
1026 1592 1146 1676 statim,
1162 1601 1333 1677 postquam
1346 1601 1457 1676 gestae

313 1702 405 1779 sunt,
435 1697 481 1762 ita
502 1696 750 1782 perscripsisse,
780 1703 815 1762 ut
836 1717 921 1762 nunc
943 1697 1109 1780 leguntur;
1143 1695 1294 1762 nimirum
1318 1696 1456 1781 Gorgias

313 1821 398 1868 anno
414 1803 477 1866 427
493 1799 638 1866 Athenas
653 1799 751 1882 venit,
778 1819 840 1883 quo
863 1805 1005 1884 tempore
1027 1798 1171 1864 funebris
1195 1799 1297 1864 oratio
1319 1801 1458 1866 nonnul-

312 1903 427 1987 lacque
442 1902 645 1985 demegoriae
660 1902 788 1968 habitae
803 1903 869 1967 iam
885 1907 986 1967 erant.
1022 1902 1114 1968 Idem
1129 1903 1236 1987 planis
1251 1903 1363 1969 verbis
1379 1903 1458 1970 dicit

312 2027 347 2090 p.
367 2008 475 2070 867εεε
497 2005 662 2071 διετέλεσέ
684 2009 721 2091 γέ
743 2029 796 2070 τοι
819 2003 878 2071 τὸν
903 2003 1224 2092 ἑπτακαιεικοσαετῆ
1248 2002 1377 2101 χρόνον
1399 2014 1458 2072 του

313 2107 467 2190 πολέμου
490 2101 558 2173 ἀπὸ
582 2115 641 2196 τῆς
664 2101 769 2195 ἀρχῆς
792 2107 856 2184 ἕως
878 2114 936 2195 τῆς
958 2109 1113 2194 τελευτῆς
1135 2103 1197 2184 τὰς
1212 2101 1301 2173 όκτὼ
1315 2110 1457 2192 βίβλους

314 2209 354 2288 ἃς
376 2208 484 2294 μόνας
505 2211 666 2277 κατέλιπε
690 2215 847 2298 στρέφων
869 2206 939 2277 ἄνω
969 2211 1027 2276 καὶ
1048 2207 1152 2275 κάτω.
1198 2211 1278 2278 Inde
1309 2213 1457 2295 sequitur

312 2314 500 2382 adverbium
523 2311 753 2400 παλαιότερον
774 2314 949 2398 genuinum
972 2334 1056 2380 csse.
1102 2315 1174 2380 Iam
1202 2315 1264 2382 hoo
1293 2317 1457 2400 sagaciter

313 2415 504 2501 Sylburgius
527 2417 691 2501 perspexit
713 2437 770 2501 pro
799 2419 952 2501 volgatae
981 2417 1119 2484 lectione
1147 2416 1381 2504 παλαιότερον
1405 2413 1459 2484 ἀεί

315 2520 517 2586 scribendum
541 2540 614 2587 esse
636 2517 868 2607 παλαιότερον
894 2519 961 2603 ἔτι,
994 2541 1090 2604 quam
1119 2521 1338 2588 coniecturam
1369 2523 1459 2589 eodi-

313 2644 385 2690 cum
401 2631 551 2708 corrupta
572 2623 667 2690 lectio
689 2621 919 2710 παλαιότερον
942 2622 1009 2688 αἰεί
1031 2648 1064 2688 τι
1091 2622 1168 2706 (αἰεί
1194 2648 1236 2707 τι,
1264 2623 1302 2688 αί
1322 2649 1366 2708 τι,
1394 2625 1454 2710 ἔτι)

312 2726 443 2810 egregie
466 2726 641 2792 confirmat.
688 2727 837 2793 Ceterum
860 2746 899 2792 ex
915 2727 1151 2809 Antiquitatum
1175 2727 1342 2812 exemplis,
1373 2749 1459 2812 quae

312 2829 402 2900 illam
425 2829 618 2896 locutionem
641 2829 798 2915 Dionysio
824 2830 1012 2897 soliemnem
1040 2849 1112 2896 esse
1143 2832 1297 2915 probant,
1330 2832 1459 2898 scribas

313 2933 524 3018 παλαίτερον
550 2931 615 3016 ότι,
648 2932 691 2998 of.
716 2934 755 2998 A.
781 2934 821 2998 R.
846 2933 926 3000 140
955 2953 989 3016 p.
1015 2935 1086 2998 4814
1113 2933 1240 3000 Kiessl:
1282 2927 1459 3021 Εὔανδρος

313 3035 350 3102 δὲ
372 3037 581 3124 παλαίτερον
604 3035 654 3102 ἔτι
682 3043 741 3124 τῆς
765 3035 911 3118 Θέμιδος
941 3029 1090 3123 ἀκηκοὼς
1121 3033 1320 3124 διεξιούσης.
1362 3059 1391 3104 o.
1416 3041 1457 3104 88

311 3160 345 3224 p.
374 3143 460 3204 11411
486 3137 547 3226 τὴν
568 3133 698 3226 ἡμέραν
724 3135 849 3226 ταύτην
871 3137 922 3204 ἐ’τι
943 3140 1153 3226 παλαίτερον
1182 3137 1219 3205 ἓν
1249 3133 1460 3218 εὐπαθείαις

312 3235 498 3327 ιλιόιγοντες.ι
536 3244 586 3308 ΠΙ
609 3247 646 3306 61
672 3264 705 3328 p.
731 3246 821 3308 30131
856 3243 1065 3329 παλαίτερον
1087 3241 1137 3306 ἐ’τι
1170 3249 1228 3327 τῆς
1264 3249 1461 3328 Ταρκυνίου

312 3344 512 3420 δυναστείας
542 3345 695 3421 πελέκεις
728 3341 856 3412 δώδεκα
890 3341 958 3432 πρὸ
988 3351 1056 3411 τῶν
1084 3345 1254 3428 βασιλέων
1284 3349 1461 3432 φέρεσθαί

254 3479 258 3490 ·
313 3469 431 3534 φασιν.
465 3449 543 3514 VIII
561 3452 599 3513 16
623 3452 760 3534 poton
785 3447 816 3513 οἱ
838 3444 1112 3535 γὰρίίνθρωποι
1133 3445 1175 3512 τὰ
1197 3449 1364 3516 πλείστου
1378 3445 1458 3530 ἄξια

314 3549 603 3634 συσκευασάμενοι
625 3552 834 3638 παλαίτερον
857 3549 907 3616 ἔτι
928 3549 1239 3638 κατεπεφεύγεσαν.
1348 3611 1354 3619 .

399 3655 469 3719 Iam
489 3671 519 3720 'a
548 3655 657 3722 verbis
690 3655 899 3740 παλαίτερον
932 3653 982 3719 ἔτι
1013 3654 1293 3740 progredientibus
1327 3654 1369 3722 de
1403 3677 1460 3724 oe-

313 3757 390 3823 teris
422 3757 614 3824 videndum:
648 3755 747 3822 ὃκαί
776 3758 985 3843 παλαίτερον
1008 3756 1058 3822 ἐ’τι
1086 3755 1333 3844 θαυμαζομένη
1369 3761 1460 3824 Θου-

313 3859 459 3946 κυδίδης·
482 3855 644 3942 τοῦνομα.
697 3860 927 3926 Ambrosianus
952 3861 1152 3945 „particulam
1189 3860 1247 3925 καί
1274 3859 1458 3928 ‘rectissime

313 3962 451 4030 omittit.²
487 3962 662 4048 Dionysius
685 3969 770 4029 certe
799 3983 863 4028 non
886 3963 968 4028 dixit
996 3963 1062 4029 vel
1090 3963 1179 4050 prius
1202 3962 1300 4030 etiam
1323 3962 1459 4049 Thucy-

313 4067 423 4134 didem
446 4068 643 4134 celebratum
666 4086 755 4144 osse;
781 4087 842 4132 nec
857 4067 1050 4132 contrarium
1069 4061 1113 4144 ὡς
1128 4065 1191 4149 μὲν
1209 4063 1355 4148 Τίμαιός
1371 4090 1459 4155 φησι

314 4171 506 4257 particulam
533 4173 592 4234 act
613 4171 742 4256 patitur.
790 4172 961 4256 Perperam
989 4171 1088 4254 igitur
1108 4170 1142 4234 in
1164 4169 1351 4238 Florentino
1374 4169 1455 4260 haec

316 4275 510 4362 interpolata
526 4280 591 4340 est.
631 4273 770 4340 Maxime
786 4294 879 4359 porro
895 4275 1027 4339 verbum
1042 4272 1456 4362 θαυμαζομένηὀίῐεαᾱίηΙ

548 4876 820 5106 Γ
