3224 5140
595 430 634 441 ψ
684 393 768 476 [247]
816 432 858 440 -
1233 398 1295 464 163

247 585 326 646 8072
341 613 383 636 =
399 583 431 646 ΙΙ
447 586 502 646 421
518 604 550 666 p.
572 587 647 648 llis
664 581 700 648 ἐν
717 590 763 668 τῷ
780 577 973 666 άμόνεσθαι
985 589 1003 668 1)
1025 590 1156 652 παθεῖν
1170 587 1300 668 μᾶλλον

161 679 367 772 ἡγησάμενοι
392 681 411 772 ἢ
436 682 588 761 ἐνδόντες
619 685 791 764 σώζεσθαι
813 688 875 752 AL
898 696 930 753 et
953 688 1053 753 OMR
1075 690 1296 755 Herwerdeui.

162 789 267 854 Verba
290 795 325 852 ut
346 788 435 872 apud
456 789 666 873 Dionysium,
691 790 738 855 ita
759 791 792 854 iu
815 791 1015 874 Thucydidis
1038 792 1128 856 libris
1151 799 1299 876 eorrupta

150 892 318 972 leguntur.
367 891 540 954 Maximam
570 899 677 956 autem
704 893 773 957 veri
803 893 945 976 speeiem
968 895 1008 956 ll.
1035 895 1170 977 Sauppii
1201 885 1299 960 h'abet

161 995 344 1058 oonieetura
364 995 485 1077 (philol.
504 994 638 1076 Anzeig.
657 995 671 1058 I
691 997 760 1078 111)
788 995 845 1058 καὶ
865 993 994 1060 ἑαυτῶν
1008 994 1077 1079 adl]
1106 991 1299 1078 ἀμύνεσθαι

160 1097 216 1160 καὶ
250 1101 382 1161 παθεῖν
411 1097 541 1178 μᾶλλον
573 1090 780 1183 ἡγησάμενοι
806 1092 826 1183 ἢ
855 1095 892 1161 τὸ
924 1096 1076 1173 ἐνδόντες
1110 1096 1293 1182 σῴζεσθαι.

162 1200 209 1264 Of.
237 1199 398 1264 Stahlium
420 1200 516 1264 adh.
540 1201 562 1264 1.
588 1200 691 1283 praef.
717 1202 733 1264 I
755 1222 787 1284 p.
806 1201 960 1266 XXXVI.

199 1320 203 1326 ·
245 1303 530 1366 9141⁷=V1051
555 1323 587 1385 p.
606 1306 695 1366 37221
725 1309 783 1388 τῆς
805 1303 869 1384 μὲν
890 1308 1005 1368 τοίνυν
1027 1302 1115 1389 πρός
1137 1301 1175 1368 τὸ
1199 1311 1299 1371 θεῖον
1348 1312 1350 1316 ’

160 1399 333 1487 εὐμενείας
350 1399 425 1470 οὐδ’
439 1399 534 1492 ἡμεῖς
550 1403 697 1487 οἰόμεθα
714 1407 949 1490 λελείψεσθαι.
975 1401 1099 1472 οὐδὲν
1121 1405 1197 1493 γάρ
1221 1407 1297 1486 ἐξω

160 1515 231 1594 τῆς
254 1509 331 1590 μέν
354 1503 610 1594 άνθρωπίας
637 1516 708 1594 τῆς
732 1503 764 1572 δ)
784 1509 848 1584 εἰς
870 1506 915 1573 τὸ
939 1515 1065 1575 θεῖον
1085 1516 1298 1593 νεμέσεως

165 1613 237 1692 (ras.
264 1631 291 1676 s.
311 1635 326 1674 ε
345 1615 373 1693 1,
399 1635 420 1676 ν
442 1612 536 1694 prim.
561 1611 701 1676 litteram
724 1612 800 1676 add.
826 1635 868 1676 m.
891 1616 917 1696 1)
946 1597 1026 1677 τῶν
1048 1607 1077 1675 τ’
1101 1613 1163 1689 εἰς
1186 1612 1297 1700 σφὰς

160 1709 315 1790 αὐτοὺς
348 1713 591 1801 βουλήσεων
624 1715 877 1797 δικαιοῦμεν
910 1711 929 1802 ἢ
959 1715 1212 1801 πράσσομεν
1242 1720 1294 1784 M:
1381 1719 1382 1723 ’

161 1811 349 1902 οὐδὲνγὰρ
374 1816 437 1896 ἐξω
461 1825 519 1903 τῆς
543 1812 764 1902 ἀνθρωπείας
787 1825 852 1883 τῶν
874 1819 937 1900 μέν
960 1818 994 1895 ἐς
1016 1816 1054 1884 τὸ
1078 1826 1178 1886 θεῖον
1199 1825 1296 1903 νομί-

160 1943 245 1996 σεως
269 1927 335 1986 τῶν
350 1915 384 1984 δ’
403 1920 436 1995 ές
460 1928 550 2006 σφᾶς
574 1915 696 1996 αὐτοὺς
718 1919 910 2007 βουλήσεως
933 1909 1162 2010 δικαιοῦμενῆ
1185 1921 1297 2009 πράσ-

159 2046 263 2106 σομεν
285 2024 387 2088 Τ1ιοο.
414 2025 507 2089 οοδδ.
559 2025 762 2090 Ambrosiam
792 2027 973 2110 corruptela
1003 2029 1118 2110 partim
1153 2028 1293 2110 librario,
1392 2085 1393 2088 ,

158 2129 273 2212 partim
297 2128 474 2210 exemplari
497 2127 606 2193 deberi
629 2127 765 2208 videtur,
791 2129 876 2210 quod
899 2127 961 2206 ἐξω
986 2136 1044 2216 τῆς
1073 2130 1136 2212 μὲν
1159 2125 1297 2217 ἀνθρω-

157 2333 353 2420 μουλήσεων
374 2335 558 2400 exhibuisse
581 2335 647 2400 fere
670 2336 854 2418 suspiceris.

246 2440 284 2502 B.
310 2440 485 2520 Postquam
502 2438 651 2522 Dionysii
666 2439 841 2522 exemplar,
861 2445 1014 2520 quantum
1032 2447 1189 2523 superest,
1209 2441 1296 2506 vitiis

158 2549 189 2605 et
212 2541 412 2605 librariorum
428 2546 461 2604 et
476 2541 624 2624 Dionysii
646 2540 750 2624 ipsius
769 2548 802 2605 et
823 2541 1113 2624 grammaticorum,
1140 2551 1296 2624 quatenus

158 2664 229 2707 oum
253 2643 479 2726 probabilitate
508 2643 576 2707 fieri
607 2643 724 2726 potuit,
759 2643 975 2724 liberavimus,
1010 2645 1065 2726 qui
1088 2653 1212 2710 restant
1234 2647 1296 2710 looi

158 2747 379 2830 discrepantes
402 2753 457 2810 aut
479 2747 620 2812 veriores
644 2746 796 2812 lectiones
811 2747 1020 2830 praestabunt
1035 2755 1091 2812 aut
1106 2755 1190 2812 oerte
1206 2748 1295 2832 digni

157 2858 259 2932 erunt,
286 2850 340 2932 qui
362 2857 539 2914 ceterorum
562 2851 675 2915 turbae
698 2850 898 2915 erimantum

247 2958 275 3018 1.
311 2953 412 3017 Thu'o.
438 2955 454 3016 I
481 2956 555 3017 1182
578 2975 610 3036 p.
631 2957 685 3018 823
715 2985 758 3008 =
788 2957 865 3017 8358
896 2951 928 3017 οἱ
958 2951 994 3016 δέ
1024 2950 1294 3035 Λακεδαιμόνιοι

158 3053 362 3138 αἰσθόμενοι
383 3051 458 3120 odire
476 3053 631 3137 ἐκώλυον,
658 3055 688 3120 εἰ
710 3053 754 3142 μὴ
780 3055 838 3119 ἐπὶ
860 3053 979 3147 βραχύ,
1006 3049 1177 3142 ἡσύχαζόν
1198 3081 1233 3121 τε
1257 3055 1294 3121 τὸ

159 3161 265 3224 πλέον
287 3167 348 3224 τοῦ
369 3156 504 3246 χρόνου,
532 3154 626 3235 όντες
649 3159 711 3241 μὲν
733 3160 790 3222 καὶ
810 3157 877 3244 πρό
894 3166 954 3224 τοῦ
968 3156 1012 3245 μὴ
1029 3171 1141 3240 ταχεῖς
1158 3159 1245 3224 ἰέναι
1261 3159 1295 3236 ἐς

157 3261 234 3338 τοὺς
249 3263 431 3345 πολέμους,
458 3257 499 3349 ἢν
520 3260 565 3348 μὴ
590 3257 856 3346 ἀναγκάζωνται,
884 3258 921 3326 τὸ
939 3262 976 3326 δέ
999 3287 1031 3326 τι
1053 3263 1110 3326 καὶ
1133 3265 1295 3346 πολέμοις

158 3364 294 3440 οἰκείοις
329 3363 565 3452 ἐξειργόμενοι.
617 3367 678 3430 Pro
707 3361 745 3428 τὸ
775 3365 812 3428 δέ
842 3389 874 3428 τι
902 3365 1053 3430 Reiskius
1085 3366 1295 3449 sagacissime

158 3469 315 3534 contrario
338 3469 395 3532 καὶ
413 3464 479 3554 πρὸ
497 3475 557 3533 τοῦ
579 3469 612 3532 ni
628 3469 723 3532 fallor
738 3468 853 3532 duetus
876 3465 952 3532 τότε
970 3463 1003 3532 δ’
1022 3467 1071 3532 ἐτι
1093 3470 1293 3534 scribendum

156 3572 301 3638 oonieoit.
350 3573 532 3655 Kruegerus
563 3572 605 3636 ad
633 3572 729 3636 Dion.
754 3593 786 3655 p.
806 3575 846 3635 87
877 3572 926 3654 (of.
959 3572 1093 3636 eundem
1125 3571 1168 3637 ad
1189 3573 1291 3637 Thuo.

159 3677 273 3759 111173)
302 3671 339 3740 τὸ
363 3676 401 3739 δέ
423 3699 455 3738 τι
478 3675 636 3754 defendit3
664 3695 758 3757 quem
781 3675 879 3739 ceteri
899 3674 1046 3755 editores,
1074 3675 1158 3757 quod
1181 3677 1290 3758 seiam,

158 3780 258 3844 seeuti
291 3786 375 3844 sunt.
423 3782 574 3842 Attamen
603 3779 771 3843 Reiskium
801 3799 910 3843 verum
941 3778 1061 3843 vidisse
1091 3779 1295 3844 Ambrosiam

157 3883 250 3947 leetio
272 3879 348 3947 τότε
371 3881 408 3946 δέ
431 3906 464 3945 τι
485 3882 615 3965 probat;
642 3882 791 3945 nimirum
814 3883 893 3945 latet
915 3881 949 3944 in
971 3901 1011 3946 ea
1037 3879 1134 3946 τότε
1158 3876 1190 3946 δ’
1217 3881 1234 3946 ἐ
1242 3907 1291 3946 τι.

242 3989 272 4050 2.
299 3985 400 4050 Thuo.
419 3985 539 4048 111812
561 3989 870 4068 p.,215m=s8314
895 3990 1098 4070 Κερκυραῖοι
1118 3985 1154 4049 δέ
1171 3983 1295 4050 αἰσθό-

156 4114 251 4170 μενοι
273 4085 334 4164 τάς
356 4111 391 4150 τε
408 4081 560 4163 Ἀττικὰς
582 4095 665 4163 ναός
689 4085 952 4174 προσπλεούσας
974 4087 1035 4163 τάς
1058 4096 1177 4154 τετῶν
1192 4090 1294 4152 πυλε-

225 4229 242 4288 ¹y
264 4222 434 4296 ἀμύνασθαι
453 4225 485 4287 L,
502 4226 524 4277 Β
543 4225 629 4278 Thus.
668 4229 679 4290 ΙΙ
720 4226 737 4282 ⁸²}
761 4226 806 4278 καὶ
832 4224 863 4277 ἐν
882 4224 958 4292 αὐτῷ
980 4223 1011 4277 τό
1031 4225 1153 4278 BAEF
1158 4224 1202 4288 ,G
1222 4241 1291 4279 corr.

159 4313 203 4364 καὶ
222 4312 252 4366 ἐν
270 4310 346 4380 αὐτῷ
360 4313 401 4377 ’τῷ
412 4311 444 4373 O,
459 4310 484 4363 (l
497 4327 538 4378 pr.

1040 4413 1087 4462 ll*
