3250 5146
323 350 342 411 s
769 383 813 394 -
860 349 921 430 [on]
969 383 1013 394 -

322 535 433 601 Reish.
461 532 609 622 ῥήτορος)
637 534 787 600 66011166
817 535 1031 602 Laurentiano
1060 537 1141 620 plut.
1168 537 1243 601 LIX
1261 542 1298 602 15
1328 545 1360 604 et
1382 540 1462 606 Am-

321 639 471 703 brosiano
493 642 520 700 D
539 640 599 700 119
623 657 693 721 sup.
721 637 914 728 emendavit.
1443 715 1447 724 ,

408 742 532 806 Ρ61616
560 740 678 806 deinde
708 741 850 806 eiusdem
879 741 1082 806 Ambrosiani
1111 742 1264 808 lectiones
1293 764 1358 810 una
1387 765 1460 810 cum

321 844 389 910 suis
405 843 594 910 coniecturis
609 843 745 910 Adolfus
761 843 978 928 Kiesslingius
996 845 1029 909 in
1043 846 1123 910 Mus.
1141 844 1244 911 Rhen.
1269 847 1333 912 101.
1347 849 1462 913 XXIII

320 968 353 1033 p.
373 951 465 1013 248ss
486 947 676 1033 publiea-vit.

407 1050 547 1116 Ultimus
577 1049 716 1132 denique
744 1049 923 1131 Usenerus,
955 1055 1124 1134 postquam
1153 1052 1187 1116 in
1215 1052 1329 1118 eodem
1357 1054 1462 1118 Musei

322 1154 469 1220 Rhenani
484 1153 646 1219 volumine
662 1153 776 1217 XXIII
797 1175 830 1237 p.
852 1157 911 1216 149
934 1153 1067 1219 Pindari
1087 1154 1301 1237 fragmentum
1317 1151 1463 1222 116111611-

217 1301 220 1306 -
321 1257 402 1321 tiani
425 1277 488 1340 ope
511 1255 693 1320 emendavit
716 1262 748 1320 et
769 1254 911 1320 Arnoldo
931 1255 1102 1322 Schaefero
1126 1258 1385 1336 alteramiibelli
1408 1260 1462 1325 cni

320 1359 505 1424 inscribitur
541 1357 672 1436 „Abriss
699 1357 756 1422 der
779 1358 1026 1435 Quellenkunde
1056 1359 1113 1424 der
1136 1359 1366 1426 Griechischen
1395 1361 1462 1426 Ge-

324 1460 485 1526 schichte“
510 1459 680 1526 editionem
704 1461 832 1544 paranti
854 1461 1003 1546 Dionysii
1024 1462 1112 1527 locos
1133 1460 1256 1528 abhoc
1278 1463 1346 1528 viro
1369 1463 1462 1529 docto

321 1563 471 1630 laudatos
495 1563 728 1628 emendatiores
752 1563 980 1647 suppeditavit,
1006 1562 1040 1628 in
1059 1565 1168 1630 annal.
1186 1557 1299 1648 philol.
1325 1585 1356 1630 a.
1378 1568 1460 1630 1873

320 1691 353 1753 p.
375 1673 465 1732 145ss
489 1667 607 1752 Lysiae
629 1667 804 1732 orationem
833 1667 1030 1732 tricesimam
1052 1674 1198 1751 quartam
1229 1669 1310 1753 περὶ
1332 1676 1392 1734 τοῦ
1414 1667 1459 1756 μὴ

321 1772 510 1836 καταλῦσαι
532 1767 592 1856 τὴν
607 1766 754 1855 πάτριον
774 1770 951 1835 πολιτείαν
960 1763 1124 1856 Ἀθήνησι
1145 1771 1192 1836 ita
1207 1771 1317 1855 edidit,
1344 1779 1379 1838 ut
1401 1772 1462 1838 hoo

321 1897 384 1940 uno
401 1875 549 1957 exemplo
573 1871 777 1938 manifestum
799 1872 890 1938 fieret
911 1893 976 1938 non
998 1893 1132 1956 parvum
1155 1873 1291 1939 fructum
1315 1894 1355 1940 ex
1377 1875 1463 1958 opti-

321 1997 443 2042 morum
472 1976 617 2041 codicum
647 1975 817 2040 collatione
846 1974 888 2039 ad
916 1976 1133 2041 emendandos
1163 1983 1194 2042 61
1216 1976 1407 2062 Dionysium
1430 1986 1463 2044 et

321 2080 493 2163 scriptores
516 2079 557 2143 ab
580 2078 637 2142 illo
659 2077 807 2142 laudatos
829 2076 1006 2143 rediturum
1022 2097 1105 2143 esse.
1153 2078 1256 2144 Simul
1270 2073 1327 2144 ’111
1341 2078 1462 2146 doctis-

321 2183 421 2248 simus
444 2180 486 2246 de
508 2180 683 2258 codicibus,
708 2180 823 2263 quibus
843 2181 992 2265 Dionysii
1014 2202 1112 2265 opera
1134 2181 1292 2248 rhetorica
1314 2183 1461 2267 exceptis
1586 2226 1590 2233 -

320 2285 401 2349 libro
430 2284 469 2349 de
500 2304 603 2367 comp.
628 2284 731 2363 verb,
758 2283 869 2348 libello
898 2282 939 2348 de
960 2283 1159 2368 Thucydidis
1182 2284 1360 2366 idiomatis,
1392 2293 1462 2350 arte

318 2382 402 2471 quae
425 2387 574 2470 Dionysii
601 2386 702 2452 fertur
731 2385 889 2451 rhetorica
917 2387 1129 2470 continentur,
1162 2388 1208 2452 ita
1230 2387 1398 2470 disseruit,
1425 2395 1462 2453 ut

320 2491 401 2556 nihil
424 2490 491 2556 1616
512 2488 631 2555 addere
654 2489 772 2573 possis.

407 2592 458 2658 Ad
480 2593 561 2658 haec
584 2595 666 2676 qnae
689 2592 874 2658 enumeravi
895 2593 1049 2658 librorum
1073 2593 1217 2658 subsidia
1239 2595 1267 2659 si
1287 2595 1461 2677 Regiorum

320 2697 466 2777 duorum,
500 2696 685 2777 Colbertini,
720 2694 888 2761 Bodleiani
910 2696 1063 2761 lectiones
1092 2716 1150 2780 per
1176 2697 1372 2763 Reiskianae
1401 2698 1462 2762 ad-

321 2801 500 2865 notationes
530 2800 581 2864 hic
610 2800 677 2864 illio
706 2819 836 2882 sparsas
859 2804 891 2864 61
913 2819 993 2880 quas
1016 2800 1252 2866 Horwerdenus
1276 2801 1463 2867 6116111611·-

321 2904 408 2968 tiano
430 2903 464 2966 in
487 2902 602 2982 studiis
626 2903 693 2967 suis
716 2901 934 2986 Thucydideis
962 2902 1111 2986 (Traiecti
1135 2903 1176 2968 ad
1199 2904 1345 2970 Rhenum
1364 2907 1457 2986 1869)

321 3005 490 3089 exscripsit
512 3025 633 3088 paucas
657 3003 829 3084 addideris,
862 3003 973 3082 hahes,
1007 3005 1121 3086 quibus
1150 3006 1240 3072 crisis
1263 3007 1462 3090 Dionysiaca

320 3108 354 3172 in
382 3127 536 3192 praesens
566 3107 701 3187 nitatur,
739 3106 825 3189 quod
854 3107 1112 3187 fundamentum,
1147 3109 1175 3172 si
1205 3108 1335 3190 quidem
1363 3111 1462 3174 talem

320 3211 490 3276 lectionum
520 3210 716 3292 farraginem
740 3209 981 3276 fundamentum
1011 3211 1178 3294 appellare
1207 3212 1256 3276 fas
1280 3219 1341 3293 est,
1371 3214 1462 3278 nullo

320 3314 415 3379 modo
438 3313 585 3378 sufficere
614 3311 656 3376 ad
679 3312 827 3396 Dionysii
856 3318 978 3377 textum
1004 3319 1089 3378 recte
1112 3314 1366 3380 constituendum
1389 3316 1462 3398 qui-

320 3417 369 3482 vis
393 3416 489 3482 facile
512 3415 675 3481 concedet.
1095 3497 1096 3500 Ἴ
1299 3469 1301 3472 ,

406 3520 522 3600 Itaque
538 3529 610 3582 curn
624 3517 658 3582 in
674 3516 852 3584 tractandis
865 3516 1015 3602 Dionysii
1031 3519 1157 3603 scriptis
1174 3519 1341 3586 rhetoricis
1356 3522 1462 3584 maxi-

321 3642 436 3704 meque
466 3623 517 3702 iis,
553 3642 634 3705 quae
665 3621 705 3686 de
728 3620 868 3704 antiquis
901 3621 1078 3686 oratoribus
1110 3629 1142 3687 et
1162 3621 1323 3688 historicis
1346 3629 1459 3706 agunt,

233 3715 235 3718 ’
321 3747 465 3792 normam
493 3725 702 3807 regulamque
729 3723 955 3803 desiderarem,
989 3744 1060 3788 cum
1083 3724 1330 3789 Ambrosianum
1353 3724 1382 3788 D
1402 3729 1461 3788 119

320 3848 392 3912 sup.
419 3834 451 3893 61
466 3827 717 3892 Laurentianum
737 3825 817 3909 plut.
837 3825 914 3889 LIX
935 3831 973 3888 15
997 3826 1292 3908 praestantissimos
1308 3846 1380 3892 6666
1396 3827 1462 3892 661-

321 3951 408 4008 rem,
446 3951 530 3996 anno
556 3932 638 3994 1877
668 3948 726 4012 per
754 3928 879 3993 itineris
909 3928 1026 3994 aestivi
1055 3935 1183 4013 tompus
1213 3929 1460 3995 Ambrosianum

321 4035 442 4100 contuli
463 4040 564 4099 totum
574 4035 609 4116 1),
641 4031 849 4097 Laurentiani
877 4037 1001 4113 partem
1023 4051 1112 4112 earn,
1144 4053 1226 4115 quae
1255 4032 1295 4098 de
1321 4033 1460 4115 antiquis

393 4173 409 4236 1)
431 4171 547 4224 Praeter
565 4169 638 4223 huno
656 4170 789 4236 optImum
809 4169 933 4222 codicem
952 4169 1061 4236 inspexi
1075 4168 1291 4224 Ambrosianum
1310 4169 1378 4223 032
1397 4185 1457 4237 sup.

323 4256 421 4310 Codex
440 4261 483 4310 est
501 4255 666 4309 chartaceus
690 4255 719 4307 in
738 4259 837 4322 quarto
857 4269 928 4306 saec.
945 4253 1011 4318 XV;
1034 4254 1063 4306 In
1082 4253 1149 4308 10110
1167 4255 1257 4309 codici
1275 4254 1400 4324 praefixo
1419 4255 1461 4308 16-
