3182 5136
334 391 396 452 nro
768 421 812 431 -
859 387 942 468 [3ου]
990 420 1034 431 -

334 575 609 662 ανακεφαλαιοῦν
630 594 690 641 nee
713 573 889 657 Dionysius
910 572 993 638 dixit
1013 591 1119 655 neque
1141 592 1280 655 unquam
1297 573 1466 655 quisquan

333 679 477 746 Graecus
503 679 607 744 homo.
655 677 781 743 Graeca
810 677 910 741 verba
938 682 1012 741 sunt
1040 669 1402 762 ἀνακεφαλαιοῦσθαι,
1437 684 1468 742 ut
1579 668 1580 683 ¹

332 802 365 866 p.
384 785 476 847 47οω
505 774 850 866 ἀνακεφαλαιουμένῳ
878 778 930 862 (of.
956 781 1033 844 4965
1063 774 1100 843 τὸ
1130 771 1468 865 ἀνακεφαλαιωτικὸν
1579 789 1581 886 η

332 892 397 950 τῶν
412 884 588 972 ῥηθέντων
602 884 714 968 μέρος)
741 889 774 949 et
788 881 1137 968 συγκεφαλαιούσθαι,
1164 881 1206 947 os.
1224 902 1257 967 p.
1272 885 1365 948 48115
1390 904 1468 966 συγ-

331 985 621 1075 κεφαλαιώσομαι.
661 988 738 1051 8413
754 981 1118 1072 συγκεφαλαιούμενος.
1158 985 1265 1050 Verba
1280 1006 1468 1071 συνεκεφα-

332 1092 430 1156 λαίου
451 1114 486 1155 τε
509 1090 572 1156 nisi
587 1089 715 1173 egregie
738 1088 834 1154 fallor
855 1108 896 1154 ex
919 1083 1377 1174 συγκεφαλαιούμενος
1400 1107 1467 1154 eor-

331 1202 426 1278 rupta
458 1199 542 1258 sunt.
589 1192 701 1258 Tollas
732 1191 831 1275 igitur
858 1191 989 1256 verbnm
1023 1191 1366 1277 συνανακεφαλαιουν
1400 1192 1464 1257 sola

331 1298 462 1381 volgata
482 1295 578 1360 huius
600 1295 663 1360 loei
684 1295 821 1360 leetione
842 1293 948 1360 nisum
971 1315 989 1360 e
1012 1293 1169 1380 Stephani
1191 1294 1370 1361 Thesauro.
1473 1318 1478 1334 ·

418 1419 452 1483 p.
471 1392 679 1483 8481εεἪδη
703 1390 735 1462 δ’
754 1395 857 1481 ἔγωγε
887 1398 943 1461 καί
974 1395 1011 1462 ἒν
1039 1391 1158 1473 αύταῖς
1185 1395 1286 1476 ἔδοξα
1309 1409 1385 1473 ταῖς
1409 1396 1465 1483 ῥη-

331 1506 477 1587 τορείαις
499 1507 597 1566 τουτο
621 1503 869 1586 συμβεβηκέναι
890 1507 937 1585 τῷ
953 1494 1050 1585 ἀνδρί
1072 1498 1111 1565 τὸ
1131 1497 1259 1582 πάθος,
1286 1495 1372 1565 ὥστε
1388 1502 1463 1584 περὶ

331 1601 392 1692 τὴν
414 1598 519 1692 αύτην
539 1597 713 1669 ὑπόθεσιν
734 1604 792 1667 καὶ
815 1602 852 1668 έν
873 1609 919 1688 τῷ
939 1597 1030 1688 αύτῷ
1052 1610 1158 1688 καιρῷ
1180 1609 1319 1669 τιθέναι
1340 1604 1405 1686 μέν
1428 1601 1464 1680 ἃς

331 1703 391 1775 ούκ
414 1707 491 1790 ἔδει,
524 1708 735 1791 παραλιπεῖν
764 1706 800 1772 δὲ
831 1704 870 1782 ἃς
893 1705 962 1772 ίδει
991 1707 1164 1791 λέγεσθαι.
1212 1709 1349 1793 Propter
1370 1712 1463 1772 τιθέ-

329 1835 388 1878 ναι
409 1813 484 1895 lego
507 1811 809 1895 depalatorem.

415 1935 448 1998 p.
467 1915 543 1978 857³
575 1911 615 1977 Ei
634 1906 667 1977 δ’
693 1909 785 1978 ἐστίν
812 1905 909 1976 ύσιάν
936 1935 996 1994 μοι
1022 1913 1080 1976 καὶ
1106 1910 1252 1995 θεμιτὸν
1284 1911 1412 1995 εἰπεῖν,
1445 1912 1464 1977 ἃ

331 2023 464 2103 φρονῶ,
502 2015 594 2080 δοκεῖ
624 2040 685 2099 μοι
716 2013 897 2101 κράτιστον
930 2009 972 2080 ἀν
1004 2019 1167 2100 γενέσθαι
1199 2021 1399 2101 προοίμιον,
1436 2016 1463 2082 εἰ

331 2117 368 2184 τδ
399 2120 592 2184 τελευταῖον
614 2113 719 2185 αύτού
746 2123 848 2203 μέρος
879 2124 920 2202 τῇ
953 2123 1122 2203 προθέσει
1150 2117 1371 2207 προσήρμοσε
1394 2121 1460 2185 κτλ.

330 2225 463 2308 Propter
479 2215 583 2288 αὐτοῦ
605 2223 728 2289 soribas
749 2218 829 2310 (τὸ)
849 2224 1042 2306 προοίμιον.
1090 2220 1289 2308 Thucydidis
1312 2222 1462 2290 historiae

330 2325 525 2411 prooemium
536 2331 597 2404 est,
615 2323 720 2408 deque
731 2345 769 2391 eo
781 2324 956 2410 Dionysius
971 2324 1116 2409 proximo
1131 2325 1237 2409 eapite
1252 2325 1357 2392 fusius
1370 2325 1458 2391 dixit.

415 2449 446 2513 p.
466 2431 573 2494 8901ss
603 2431 702 2492 Μίαν
730 2427 767 2492 δὲ
794 2425 927 2504 τούτοις
956 2426 1092 2504 έπιθείς
1121 2428 1284 2514 περίοδον
1313 2423 1463 2513 ἀγκύλως

329 2528 507 2617 εἰρημένην
529 2529 587 2594 καί
609 2529 758 2606 δυνατῶς
779 2528 864 2612 μετὰ
891 2536 952 2596 τού
974 2536 1093 2617 σαφῶς
1118 2581 1125 2594 .
1146 2581 1153 2595 .
1175 2581 1182 2594 .
1206 2537 1367 2618 ποιητικῇ
1397 2529 1463 2595 πά-

330 2635 384 2700 λιν
404 2630 654 2720 χρήσασθαι
675 2630 929 2720 μεταληψειΜτ
955 2630 1120 2720 ἐχρήσατο
1136 2635 1174 2699 R.
1213 2634 1373 2719 corrupta
1387 2635 1463 2700 Am-

329 2737 470 2803 brosiani
506 2737 601 2802 leetio
629 2732 827 2824 perinundat
861 2743 897 2802 ut
924 2737 1079 2802 aoristum
1108 2733 1273 2824 ἐχρήσατο
1306 2758 1349 2804 ex
1381 2737 1463 2804 falsa

329 2840 438 2907 neseio
467 2841 556 2907 euius
585 2840 768 2906 ooniootura
794 2840 889 2924 volgo
918 2838 1063 2906 exhiberi
1091 2840 1241 2924 ostendit,
1274 2840 1322 2907 ita
1343 2841 1463 2907 Parisi-

328 2944 455 3010 numA
483 2944 657 3027 genuinam
679 2943 814 3010 sormam
844 2961 990 3009 servasse
1020 2943 1155 3026 evincit,
1187 2963 1324 3027 quonum
1352 2945 1458 3029 legas:

330 3051 430 3112 Μίαν
456 3045 493 3112 δὲ
522 3044 655 3123 τούτοις
693 3043 829 3122 ἐπιθεὶς
861 3045 1024 3130 περίοδον
1056 3097 1062 3110 .
1092 3097 1098 3110 .
1127 3097 1134 3110 .
1167 3053 1325 3134 ποιητικῇ
1359 3045 1463 3112 πάλιν

203 3195 205 3198 -
329 3147 536 3236 χρήσεται
568 3147 772 3236 μεταλήψει;
813 3149 854 3214 oi.
879 3169 911 3233 p.
932 3151 1008 3214 2185
1039 3147 1176 3225 ἐπιθεὶς
1205 3147 1268 3235 γὰρ
1295 3187 1340 3198 --
1367 3173 1462 3236 περι-

329 3257 464 3337 σκέπτῳ
488 3249 537 3317 ἐνί
559 3249 718 3337 χώρῳ-
740 3248 847 3317 πάλιν
870 3249 1048 3317 ἐποίσει.
1097 3255 1188 3318 563ιι
1211 3247 1329 3318 ἔπειθ’
1349 3248 1460 3338 ὥσπερ

329 3351 429 3423 ούδὲν
455 3353 593 3441 εἰρηκὼς
622 3361 776 3421 τοιοῦτον
810 3349 958 3440 ἀθρόαις
991 3352 1217 3422 ἐπικλύσει
1249 3368 1324 3434 ταῖς
1359 3381 1461 3444 παρι-

329 3457 482 3525 σώσασιν.

415 3564 587 3645 p89010ss
613 3559 740 3626 Αἰτίαν
762 3557 824 3644 γάρ
842 3554 1036 3644 ἀποδιδούς,
1064 3555 1105 3627 δι’
1128 3559 1170 3649 ἢν
1191 3559 1270 3640 τούς
1292 3575 1463 3649 συγγενεῖς

330 3657 612 3748 ἀλλοτριωτέρους
635 3662 769 3748 ἔκρινον
790 3669 856 3728 τῶν
878 3663 998 3748 φίλων,
1025 3663 1232 3752 ἐπιτίθησιν,
1259 3659 1314 3732 ὅτι
1334 3666 1463 3752 τόλμαν

330 3760 592 3853 ἀπροφάσιστον
613 3769 829 3850 παρείχοντο.
876 3766 1048 3851 Postquam
1071 3788 1203 3834 oausam
1232 3770 1375 3854 protulit,
1410 3791 1463 3838 oe·

329 3876 399 3936 tera
420 3867 525 3934 addit:
558 3867 698 3951 eorrigas
722 3859 922 3944 ἀποδούς.

416 3993 450 4056 p.
469 3973 574 4038 8924ss
596 3967 806 4055 Σκολιώτερα
828 3969 865 4036 δέ
886 3967 1017 4038 τούτων
1038 3971 1110 4038 ἐστὶ
1131 3974 1189 4038 καὶ
1211 3971 1336 4056 ἀμετδι
1357 3981 1461 4042 ταῦτα

329 4081 486 4164 τίθησιν·
520 4066 590 4152 ,,Ἐν
613 4072 649 4138 δὲ
672 4079 718 4158 τῷ
739 4070 972 4159 παρατυχόντι
999 4068 1017 4141 δ
1042 4071 1185 4162 φθάσας
1206 4080 1399 4164 θαρρῆσαι,
1433 4075 1461 4143 εί

328 4179 398 4246 ἰ’δοι
420 4176 605 4265 άφρακτον,
631 4170 727 4263 ἥδιον
749 4173 805 4242 διά
826 4173 888 4264 τὴν
909 4180 1026 4242 πίστιν
1049 4177 1243 4264 ἐτιμωρεῖτο
1265 4174 1286 4266 ἢ
1309 4174 1379 4246 ἀπὸ
1403 4185 1461 4246 τού

329 4287 548 4370 προφανοῦς·
587 4279 644 4344 καί
672 4275 769 4344 τότε
799 4273 953 4365 ἀσφαλὲς
981 4278 1149 4365 ἐλογίζετο
1178 4282 1236 4346 καί
1264 4276 1318 4348 ὅτι
1347 4277 1458 4367 ἀπάτη
