3250 5146
333 413 374 474 ao
768 435 812 456 --
859 408 942 490 [11η
990 443 1034 456 -

335 592 353 664 δ
370 594 548 682 πρότερος·
573 598 738 682 μέμνηται
754 590 817 678 γὰρ
841 591 877 659 έν
893 587 983 678 αύτῷ
999 587 1042 670 ὡς
1058 592 1278 676 ἐκδεδομένου
1301 588 1393 679 αύτῷ
1414 604 1475 662 τοῦ

334 701 415 786 περί
441 696 629 786 μιμῆσεωςς
670 697 713 763 oi.
739 697 903 764 Senserat.
933 696 973 766 de
997 718 1024 762 o.
1051 717 1081 762 v.
1109 696 1213 781 praef.
1238 719 1271 782 p.
1290 698 1370 766 XXI
1393 699 1469 766 adn.

335 803 377 870 ut
399 802 460 868 hoo
482 801 610 885 quidem
633 801 716 866 falso
738 800 825 880 addi,
850 820 923 868 oum
945 808 1080 882 utroquo
1102 801 1173 866 looo
1193 800 1334 866 futurum
1353 809 1469 881 exstet,

337 905 483 974 Blassius
512 912 599 972 moto
629 901 750 970 monuit
777 907 818 987 (p.
838 906 905 985 27).
953 901 1019 970 Sed
1040 903 1105 968 iam
1134 903 1194 970 hoo
1217 923 1351 986 quaero,
1386 905 1473 972 umlo

335 1007 414 1074 iilud
435 1007 477 1074 de
500 1007 656 1092 Dionysio
682 1013 811 1072 auotoro
833 1006 1014 1074 efficiatum
1049 1006 1112 1074 Ubi
1135 1007 1284 1091 Dionysii
1313 1027 1378 1074 non
1401 1008 1475 1074 dioo

337 1130 462 1191 nomon,
489 1110 546 1178 sod
570 1109 674 1190 stilus,
708 1109 767 1176 sod
782 1109 894 1191 oratio,
921 1108 978 1174 sod
992 1116 1076 1176 totus
1098 1109 1249 1176 habitus?
1285 1109 1433 1176 Blassius
1456 1129 1476 1180 e

338 1233 482 1280 sermone
505 1213 587 1278 nihil
609 1212 757 1280 concludi
787 1219 1033 1296 possusumus,
1064 1213 1141 1298 quia
1164 1213 1355 1297 Dionysius,
1390 1214 1418 1279 si
1441 1214 1476 1278 in

336 1317 455 1382 talibus
478 1315 605 1400 scriptis
628 1316 758 1382 soholao
778 1322 877 1401 atquo
906 1316 1016 1399 pueris
1038 1315 1208 1383 destinatis
1234 1337 1349 1400 parum
1375 1317 1476 1384 studii

337 1420 507 1504 posuisset,
533 1439 596 1485 non
615 1421 695 1486 adeo
717 1419 831 1486 mirum
854 1418 995 1484 fauturus
1017 1419 1113 1486 fuerit
1132 1421 1174 1504 (p.
1194 1423 1259 1504 28).
1299 1420 1477 1488 1111111-

338 1523 399 1588 biis
429 1524 555 1616 seriptis
584 1521 798 1590 diiudioandis
825 1543 843 1588 ε
867 1524 935 1588 solo
964 1542 1109 1590 sermono
1139 1543 1381 1605 nonnumquam
1408 1523 1478 1590 dis-

339 1626 458 1692 crimen
489 1625 697 1710 repetandum
720 1644 792 1691 ossa
821 1624 941 1692 dudum
970 1625 1169 1692 intellectum
1194 1633 1255 1691 est.
1303 1625 1476 1692 Laxiorom

340 1730 487 1816 Dionysii
509 1730 684 1795 orationem
708 1748 749 1794 ex
770 1729 873 1794 aliona
894 1728 1032 1794 maximo
1055 1728 1099 1794 ad
1120 1731 1310 1794 Ammaonm
1334 1730 1477 1813 epistula

342 1831 386 1898 ἐν
414 1840 466 1918 τῷ
494 1832 783 1915 διδασκαλικῴ
814 1828 999 1918 σχῆματι
1021 1831 1139 1916 scripta
1166 1831 1217 1907 (of.
1237 1853 1270 1916 p.
1290 1835 1394 1916 78911)
1422 1853 1477 1898 oo-

339 1955 493 2020 gnosoano
521 1937 612 2018 linet,
645 1937 735 2002 ouius
766 1956 869 2002 sermo
898 1936 1058 2002 nominem
1080 1935 1183 2019 fugiet
1215 1943 1413 2020 quantopere
1436 1937 1477 2001 ab

341 2039 418 2106 artis
441 2040 582 2124 capitum
597 2040 628 2106 X
643 2047 675 2105 et
690 2040 738 2104 XI
760 2039 899 2106 differat.
940 2038 1093 2124 Syntaxis
1115 2058 1247 2124 prorsus
1262 2040 1393 2106 diversa
1408 2047 1474 2118 ost3

341 2144 498 2229 imprimis
520 2142 679 2226 asyndota
699 2149 800 2224 notos,
828 2162 911 2226 quoe
933 2144 1034 2207 multa
1054 2149 1234 2208 occurrunt.
1273 2143 1478 2209 Praeclarum

341 2248 443 2313 habes
458 2248 639 2331 exemplum
656 2269 689 2330 p.
701 2250 778 2310 407⁷
799 2240 846 2311 ‘H
859 2243 969 2332 γνιύμη
994 2247 1138 2333 τριπλῆν
1160 2244 1312 2324 ἐξέτασιν
1328 2245 1407 2328 ἐ’χει,
1434 2243 1479 2333 γῆ

341 2349 493 2437 περιττὰ,
523 2347 568 2438 μῆ
591 2349 801 2431 ἐλλείποντα,
829 2347 873 2436 μῆ
898 2348 1052 2416 ἐναντία·
1084 2349 1126 2413 τὰ
1148 2346 1291 2434 περιττὰ
1313 2351 1476 2436 φλυαρία,

341 2453 383 2519 τδι
414 2453 613 2520 ἐλλείποντα
642 2448 773 2540 ἀσθενῆ
802 2448 1032 2538 [ἇ.σθένεια1),
1072 2451 1114 2517 τὰ
1143 2452 1280 2520 ἐναντία
1309 2454 1476 2530 κίνδυνος.

334 2553 483 2645 Ὅμηρος
498 2564 603 2623 ταῦτα
621 2555 867 2644 ἐπεσημήνατο.
909 2560 999 2621 38511
1022 2564 1162 2622 τοιαῦτα
1185 2562 1248 2639 μέν
1269 2581 1346 2622 τινα
1370 2555 1482 2622 καθύ-

294 2707 298 2714 -
342 2664 402 2728 λου
417 2662 527 2746 λέγειν
543 2659 663 2742 ἐχομεν
679 2659 715 2725 ἐν
730 2654 810 2747 ῆθει
826 2658 862 2725 ἐν
877 2657 989 2744 γνώμη
1006 2659 1043 2724 ἐν
1058 2665 1155 2744 τέχνη
1173 2659 1209 2724 ἐν
1224 2661 1322 2740 λέξει.
1351 2662 1389 2724 Ρ.
1403 2663 1477 2725 3861

343 2765 415 2830 ἐστι
437 2765 473 2830 δέ
496 2761 537 2828 τὰ
560 2771 617 2851 τῆς
640 2757 841 2839 ὑποθέσεως
864 2774 1014 2844 στοιχεῖα
1037 2768 1184 2848 τέσσαρα
1207 2769 1393 2849 προοίμιον
1408 2762 1482 2850 διῆ-

343 2890 437 2956 γησις
460 2871 592 2943 πίστεις
616 2865 770 2951 ἐπίλογοι
796 2867 846 2950 (of.
867 2870 981 2948 39416).
1024 2869 1113 2931 39611
1140 2865 1212 2931 ἐστι
1234 2866 1270 2931 δέ
1294 2863 1336 2930 τὰ
1358 2853 1481 2932 τέσσα-

342 2995 385 3056 ρα
401 2979 508 3037 ταῦτα
523 2960 612 3058 ῆθος
635 2968 747 3056 γνώμη
764 2974 861 3056 τέχνη
878 2970 977 3048 λέξις.
1024 2971 1143 3036 Contra
1159 2970 1307 3036 conferas
1323 2970 1363 3036 de
1379 2972 1478 3036 Isocr.

343 3098 375 3160 p.
391 3079 481 3140 53911
498 3072 652 3140 καθόλου
675 3074 712 3139 δέ
734 3081 835 3158 τριών
851 3063 959 3138 δντων
976 3123 1023 3136 ...
1046 3081 1104 3160 τῆς
1120 3067 1146 3136 τ’
1162 3071 1299 3160 ἐκλογῆς
1322 3081 1389 3139 τῶν
1404 3068 1483 3139 δνο-

343 3176 460 3261 μύτιον
482 3180 539 3242 καὶ
561 3185 619 3265 τῆς
643 3175 678 3242 ἐκ
702 3174 831 3243 τούτων
854 3171 1018 3261 ἁρμονίας
1040 3178 1184 3242 καὶτῶν
1206 3175 1483 3262 περιλαμβανόν-

344 3307 412 3347 των
434 3275 521 3346 αύτδι
537 3278 726 3367 σχημάτων.
767 3280 808 3346 de
825 3281 918 3346 Dum.
937 3303 969 3366 p.
988 3284 1097 3344 111211
1122 3287 1181 3345 τού
1204 3281 1314 3364 λέγειν
1328 3269 1366 3346 εὗ
1390 3277 1482 3367 διττῆ

344 3380 363 3472 ἡ
388 3385 551 3469 διαίρεσίς
582 3382 682 3465 ἐστιν,
716 3381 763 3460 ε’ίς
793 3407 828 3448 τε
851 3380 910 3448 τὸν
933 3380 1169 3468 πραγματικὸν
1199 3381 1329 3468 τρόπον
1354 3385 1412 3448 καὶ
1435 3383 1483 3460 είς

346 3485 405 3554 τὸν
419 3484 582 3553 λεκτικόν.
623 3489 659 3552 Ρ.
677 3490 753 3552 4901
778 3483 818 3549 τὰ
835 3491 949 3552 τοίνυν
971 3485 1041 3550 ίδια
1064 3487 1121 3551 καὶ
1144 3483 1303 3572 ῥητορικὰ
1318 3481 1388 3574 ῆθη
1408 3485 1484 3552 τού-

345 3616 416 3668 τοις
440 3591 620 3676 διαιρεῖται
645 3586 731 3653 κατδ
754 3587 838 3676 ἐθνη
871 3594 947 3676 γένη
972 3584 1102 3676 ἡλικίας
1132 3594 1350 3674 προαιρέσεις
1380 3587 1484 3672 τύχας

345 3691 585 3780 ἐπιτηδεύσεις,
612 3713 748 3775 quocum
764 3693 911 3758 conferas
933 3693 1222 3777 deLys.p.46912
1245 3693 1303 3756 καὶ
1325 3689 1388 3778 γὰρ
1412 3688 1485 3780 ἡλι-

344 3804 402 3884 κίη
423 3799 481 3862 καὶ
496 3802 585 3882 γένει
607 3797 664 3860 καὶ
679 3795 819 3881 παιδείᾳ
842 3797 899 3860 καί
915 3793 1155 3882 ἐπιτηδεύματι
1177 3797 1233 3860 καὶ
1252 3800 1316 3880 βίῳ
1340 3800 1485 3873 καὶτοῖς

345 3897 460 3977 ἄλλοις
490 3952 497 3965 .
526 3953 532 3965 .
562 3951 568 3964 .
596 3896 656 3976 τὰς
686 3897 812 3974 οἰκείας
840 3893 1031 3964 ἀποδίδωσι
1060 3895 1187 3985 φωνάς.
1236 3899 1310 3964 Alia
1338 3900 1483 3966 eiusdem

346 4005 473 4090 genonis
488 4004 589 4068 multa
601 4009 741 4068 exstant.
753 4040 797 4048 -
808 4003 980 4068 Praeterea
992 4004 1089 4067 verba
1102 4008 1279 4083 occurrunt,
1300 4023 1383 4084 quae
1396 4003 1484 4087 apud

346 4106 537 4191 Dionysium
559 4126 623 4170 non
646 4107 805 4188 leguntur.
846 4099 1036 4190 Ἀρχαῒζειν
1057 4127 1090 4190 p.
1107 4107 1184 4170 3821
1207 4105 1345 4190 primum
1368 4126 1386 4170 e
1409 4107 1486 4170 Plu-

345 4209 448 4277 tarchi
470 4209 643 4275 moralibus
666 4229 698 4292 p.
714 4210 821 4273 558A
843 4208 966 4292 reperio
985 4215 1157 4273 enototum.
1197 4203 1244 4272 Τὸ
1270 4207 1306 4272 δὲ
1328 4213 1391 4274 νῦν
1407 4205 1486 4289 ’έχον

346 4336 379 4399 p.
399 4317 489 4379 39411
517 4313 552 4377 in
575 4312 743 4378 rhetoricis
760 4311 906 4395 Dionysii
929 4310 1056 4394 seriptis
1086 4332 1150 4376 non
1166 4316 1273 4376 exstat
1294 4331 1355 4376 neo
1378 4311 1485 4393 magis
