3250 5146
325 377 365 438 aa
759 407 803 416 -
851 372 934 452 [116]
981 408 1024 420 -

324 561 487 646 praefixus
510 560 591 644 περὶ
606 565 671 623 τῶν
687 556 724 623 ἐν
738 558 893 639 μελέταις
909 559 1220 644 πλημμελααμέαωτ
1235 558 1382 643 Dionysii
1397 579 1465 624 non

325 673 389 743 est;
428 664 456 730 si
478 683 541 728 non
570 663 699 743 titulus,
732 681 773 726 ne
802 669 908 726 uetera
937 658 1083 744 quidem;
1121 662 1148 726 s'i
1177 657 1334 727 decimum
1364 671 1465 746 eaput

325 767 469 853 spurium
492 772 552 842 est,
577 765 779 858 undecimum
796 784 921 846 quoque
937 765 1119 830 damnatur.
1163 765 1247 842 Quid
1271 766 1356 847 quod
1378 767 1464 832 alter

324 873 412 936 loeus
441 889 503 953 quo
530 867 570 934 de
594 867 749 952 Dionysio
777 874 905 933 anctore
935 868 1314 945 coniecturamiuloiunt
1336 889 1408 952 esp.
1428 869 1463 932 X

307 975 375 1056 §9
398 967 605 1057 μακρότερος
629 964 645 1034 ὁ
670 957 943 1056 περὶμιμήσειας
966 967 1065 1054 λόγος
1092 969 1132 1035 ὃν
1155 965 1282 1054 ἀλλαχῇ
1305 994 1463 1052 μεταχει-

324 1071 492 1161 pomaeo
516 1095 536 1138 a
558 1073 706 1156 Dionysii
729 1073 878 1154 loquendi
905 1093 992 1138 more
1015 1093 1145 1157 prorsus
1168 1072 1338 1139 abhorret?
1373 1075 1460 1140 Sane

322 1175 621 1261 μεταχειρίζεσθαι
643 1175 730 1258 apud
754 1195 826 1240 eum
848 1193 913 1239 non
935 1175 1012 1257 legi.

409 1282 516 1345 Pauoa
538 1277 674 1362 apposui
690 1277 848 1362 exempla,
875 1277 990 1359 quibus
1013 1275 1108 1342 facile
1131 1277 1206 1343 addi
1226 1277 1292 1364 alia
1313 1278 1456 1362 possint3

323 1383 380 1448 sed
403 1383 456 1447 rel
479 1401 519 1446 ex
541 1381 592 1446 his
615 1380 820 1446 manifestum
843 1381 960 1445 sautum
983 1387 1059 1464 puto
1081 1380 1160 1446 artis
1183 1381 1280 1446 etiam
1303 1381 1411 1464 eapita
1427 1382 1460 1445 X

323 1493 354 1550 et
370 1486 417 1567 XI
440 1484 557 1548 iniuria
571 1483 727 1567 Dionysio
749 1483 913 1548 vindicata
935 1503 1018 1548 esse.
1065 1483 1249 1549 Reddamus
1271 1484 1371 1567 igitur
1392 1486 1462 1549 lta-

322 1589 383 1654 lieo
406 1587 454 1652 illi
471 1587 684 1653 coniecturam
708 1607 799 1651 suam
815 1594 912 1667 atque
935 1587 1107 1652 liberemus
1123 1587 1313 1670 Dionysium
1335 1587 1456 1669 libello,

322 1692 413 1758 euius
436 1691 573 1775 pretium
596 1690 719 1754 nullum
742 1689 809 1756 fere
831 1709 903 1756 esse
926 1689 1023 1754 etiam
1045 1689 1192 1755 Blassius
1215 1690 1360 1774 protinus
1383 1711 1462 1756 eon-

168 1776 174 1786 ·
270 1809 273 1816 '
322 1795 419 1862 cessit
441 1797 481 1879 (p.
501 1797 566 1876 28).
613 1794 646 1858 Is
666 1799 782 1874 autem,
809 1793 864 1876 qui
887 1793 927 1858 de
950 1793 1127 1858 imitatione
1143 1799 1287 1858 acturum
1310 1813 1345 1860 se
1360 1795 1460 1878 poili-

321 1900 404 1985 eitus
420 1905 479 1979 est,
505 1897 662 1980 siquidem
684 1896 839 1980 promisso
863 1897 958 1977 stetit,
985 1896 1097 1962 eodem
1120 1897 1213 1962 modo
1237 1897 1277 1966 de
1293 1919 1333 1964 ea
1350 1899 1460 1981 egisse

321 2002 484 2086 putandus
507 2008 566 2081 est,
596 2020 658 2082 quo
683 2000 742 2077 „de
765 1999 937 2066 meditatae
960 2001 1113 2066 orationis
1135 2001 1242 2066 vitiis“
1267 2001 1456 2085 disputavit.

853 2154 922 2237 §a

705 2274 747 2328 De
766 2273 868 2328 eodioe
886 2272 1073 2328 Florentino.
1104 2345 1106 2347 Ι

408 2379 517 2446 Codex
531 2379 735 2444 Florentinus
758 2385 808 2444 est
829 2377 1065 2443 Laurentianus
1088 2377 1168 2460 plut.
1187 2377 1263 2440 LIX
1282 2382 1330 2456 15,
1357 2397 1461 2442 mem-

320 2484 507 2564 branaceus,
533 2483 567 2546 in
591 2488 713 2563 quarto,
740 2500 824 2562 saeo.
843 2481 907 2544 XII
929 2481 1011 2574 bene
1035 2480 1182 2564 scriptus.
1223 2481 1337 2546 Insunt
1354 2481 1455 2547 haee:

320 2591 350 2651 i.
376 2585 525 2672 Dionysii
544 2583 843 2650 Halicarnassensis
866 2583 905 2648 de
922 2583 1149 2666 compositione
1171 2584 1340 2648 verborum
1362 2583 1455 2665 liber,

321 2693 351 2752 2.
378 2687 521 2754 eiusdem
537 2687 577 2753 de
594 2686 733 2770 antiquis
750 2687 928 2751 oratoribus
951 2705 1027 2770 pars
1050 2685 1146 2770 prior,
1181 2689 1211 2750 3.
1238 2685 1382 2750 eiusdem
1398 2687 1460 2749 Di-

320 2791 469 2872 narchus,
507 2795 539 2854 4.
565 2789 750 2856 Philostrati
765 2789 851 2854 vitae
875 2789 1106 2873 sophistarum;
1138 2788 1211 2854 libri
1234 2788 1367 2853 alterius
1383 2788 1457 2854 finis

319 2895 530 2976 desideratur,
572 2899 603 2957 5.
630 2893 806 2958 Callistrati
830 2891 1013 2976 eephrases,
1058 2895 1088 2956 6.
1114 2891 1265 2956 Aristidis
1293 2892 1456 2958 orationes

319 2998 470 3080 quinque.
511 2997 638 3086 Seripta
653 2996 812 3080 Dionysii,
839 2996 1015 3077 dequibus
1037 2995 1129 3060 nobis
1150 2995 1311 3078 agendum
1328 3003 1387 3077 est,
1415 2996 1457 3062 de

319 3101 459 3183 antiquis
478 3100 655 3165 oratoribus
677 3118 753 3184 pars
775 3099 861 3182 prior
884 3107 916 3164 et
938 3085 978 3163 de
993 3098 1154 3164 Dinareho
1176 3098 1315 3175 libellus,
1341 3099 1459 3182 legun-

318 3211 369 3270 tur
392 3203 645 3268 inmanior
668 3207 779 3268 versi
798 3222 899 3284 usque
918 3203 961 3266 ad
982 3202 1036 3266 fol.
1056 3207 1130 3266 104v
1154 3222 1238 3267 vers.
1257 3202 1405 3266 ultimum
1417 3205 1452 3285 ¹}⁷

319 3307 428 3372 Codex
449 3306 483 3370 in
505 3305 654 3391 Dionysii
676 3306 802 3390 seriptis
826 3306 905 3370 duas
935 3306 1024 3370 labes
1047 3305 1215 3373 contraxit.
1263 3305 1348 3370 Nam
1372 3305 1457 3370 inter

319 3409 559 3492 quaternionem
576 3408 720 3490 quintum
736 3416 767 3474 et
785 3416 920 3486 sextum,
948 3409 1002 3491 qui
1017 3408 1111 3474 hodie
1128 3414 1265 3488 exstant,
1289 3409 1455 3490 quaternio

318 3514 393 3580 oiim
416 3520 526 3578 sextus
549 3511 722 3594 intercidit,
757 3532 818 3594 quo
840 3512 914 3576 iibri
936 3511 976 3577 de
999 3533 1026 3577 o.
1046 3533 1077 3576 v.
1103 3531 1178 3596 pars
1201 3511 1358 3594 posterior
1379 3511 1454 3578 inde

318 3639 338 3682 a
361 3616 467 3682 verbis
498 3619 693 3704 μυστηρίοις
724 3615 786 3697 μὲν
817 3603 876 3680 οὖν
901 3636 933 3699 p.
957 3618 1032 3680 1945
1057 3621 1088 3682 et
1110 3613 1214 3698 operis
1244 3613 1284 3679 de
1315 3614 1455 3696 antiquis

318 3719 494 3785 oratoribus
519 3718 673 3802 prooemii
702 3736 777 3802 pars
799 3717 900 3782 maior
923 3737 1023 3799 usque
1046 3717 1089 3781 ad
1113 3713 1201 3780 ἐάσω
1225 3716 1300 3780 inei.
1325 3736 1357 3798 p.
1377 3720 1454 3781 451³

317 3821 490 3906 perierunt.
530 3822 676 3886 Alterum
692 3820 843 3884 damnum
866 3827 898 3886 et
921 3819 1005 3902 quod
1027 3819 1168 3904 reparari
1190 3825 1329 3901 nequeat
1351 3818 1455 3883 eodex

316 3925 350 3988 in
373 3924 535 3989 Dinaroho
557 3942 673 4006 passus
696 3930 754 4003 est,
789 3922 917 3988 eumin
940 3923 1044 3988 medio
1067 3922 1240 4001 enuntiato,
1267 3921 1361 3985 siouti
1384 3921 1455 3986 edi-

317 4028 420 4092 tiones
443 4033 630 4107 monstrant,
656 4047 689 4109 p.
709 4029 784 4091 668³
807 4026 914 4091 verbis
937 4019 992 4090 ὅτε
1016 4026 1072 4088 καὶ
1095 4025 1204 4090 folium
1228 4025 1398 4088 desineret.

403 4130 562 4194 Prooemii
583 4149 659 4213 pars
682 4149 765 4211 quae
788 4135 935 4213 superest
957 4129 1068 4194 decem
1083 4128 1231 4193 versibus
1246 4127 1457 4211 eomprehen-

388 4285 404 4347 1)
426 4280 461 4336 ef.
477 4282 629 4337 Usenerum
648 4283 676 4336 in
695 4284 786 4336 annal.
802 4282 898 4352 philol.
917 4283 981 4333 1873
1001 4298 1026 4348 p.
1046 4283 1101 4332 146.
