3182 5136
554 395 597 406 -
644 361 728 442 [317]
775 397 818 406 -
1191 363 1253 425 233

117 552 271 625 θέσεις
295 549 366 612 καὶ
388 543 460 625 τὰς
482 545 747 634 παρισώσεις
770 548 889 633 λέγω·
915 548 972 612 καλ
994 546 1051 614 διὰ
1066 554 1132 613 τῶν
1146 545 1257 635 λήρων

116 649 248 717 τούτων
274 663 394 734 κοσμεῖ
421 649 480 738 τήν
510 649 647 738 φράσιν.
696 651 747 716 Ad
768 671 809 717 ea
830 651 998 737 probanda
1019 651 1084 718 duo
1107 652 1256 737 exempla
1366 671 1369 680 ’

52 835 53 840 ¹
115 756 289 838 adduntur,
316 776 449 839 quorum
472 755 630 840 posterius
655 754 730 821 hoe:
757 776 790 841 p.
812 758 938 821 10351ss
962 753 998 821 έν
1020 761 1059 840 τῇ
1074 752 1160 838 μετὰ
1175 753 1257 822 ταύ-

116 883 177 946 την
199 855 351 945 περιόδῳ
381 855 430 922 τὰ
458 852 564 924 αὐτὰ
593 864 703 924 ποιῶν
726 855 927 946 φανήσεται.
959 859 1044 945 φησὶ
1072 856 1135 944 γάρ
1167 863 1258 939 ,Δεῖ

115 960 156 1050 δή
186 959 344 1028 τοιούτου
372 958 463 1038 τινὸς
492 958 611 1046 λόγον,
649 956 742 1038 ὅστις
776 960 854 1038 τοὺς
885 961 949 1044 μὲν
981 959 1257 1050 τετελευτηκότας

116 1066 239 1142 ἱκανῶς
263 1063 447 1146 ἐπαινέσει,
474 1077 545 1141 τοῖς
568 1064 604 1130 δέ
628 1064 729 1144 ζῶσιν
751 1059 896 1148 εὐμενῶς
918 1070 1152 1152 παραινέσει.“
1179 1059 1257 1132 οὐκ·

115 1177 177 1236 οῶν
200 1168 373 1255 ἐπίρρημα
397 1166 602 1256 ἐπιρρήματι
624 1165 830 1256 παράκειται
851 1169 909 1232 καὶ
931 1166 1055 1256 ῥήματι
1077 1167 1183 1255 ῥήμα·
1217 1166 1255 1233 τὸ

114 1274 178 1355 μὲν
203 1267 376 1352 ,Ἱκανῶςίέ
400 1278 446 1357 τῷ
471 1266 687 1354 ,Εὐμενῶς“,
714 1278 760 1356 τῷ
776 1265 808 1337 δ’
826 1265 1057 1351 ,,Ἐπαινέσει“
1081 1268 1118 1336 τὸ
1138 1276 1256 1359 ,Παρ-

115 1382 267 1443 αινέσει“
298 1377 357 1440 καὶ
385 1382 491 1441 ταῦτα
522 1372 671 1462 πάρισα;
719 1379 965 1461 Παρακεῐσθαι
991 1375 1019 1441 si
1042 1375 1169 1457 quidem
1197 1396 1255 1460 ge-

114 1481 248 1546 nuinum
272 1487 331 1562 est,
357 1479 437 1544 nihil
460 1477 549 1544 aliud
572 1478 757 1561 significare
778 1485 885 1564 potest
900 1499 996 1562 quarn
1011 1479 1101 1544 iuxta
1116 1479 1254 1564 positum

115 1605 206 1664 esse;
242 1584 282 1649 de
304 1582 522 1668 parallelismo
550 1582 688 1664 quodam
718 1584 858 1648 colorum
888 1583 941 1648 vei
970 1583 1140 1648 verborum
1168 1583 1254 1668 apud

115 1686 310 1772 Dionysium
343 1705 501 1768 nusquam
533 1692 716 1770 usurpatur.
770 1685 821 1752 of.
854 1705 884 1751 e.
909 1706 943 1770 g.
975 1708 1006 1770 p.
1034 1690 1123 1750 1524s
1151 1680 1251 1751 Δεῦτ’

116 1789 151 1856 έν
172 1787 280 1875 χορὸν
298 1782 480 1871 Ὀλύμπιοι
503 1786 562 1853 έπλ
583 1812 619 1853 τε
641 1785 766 1853 κλυτάν
787 1792 941 1871 πέμπετε
964 1784 1077 1874 χάριν;
1111 1809 1143 1873 p.
1165 1792 1252 1853 15611

116 1891 150 1958 τὸ
169 1893 206 1958 δὲ
223 1888 333 1977 τούτῳ
355 1893 408 1976 (so.
425 1899 471 1977 τῷ
486 1888 609 1978 πρώτῳ
625 1890 729 1978 κώλῳ)
750 1896 1080 1977 παρακείμενον
1094 1892 1201 1957 κῶλον
1216 1889 1253 1956 τὸ

117 1990 216 2074 ,Ἐπί
245 2019 281 2060 τε
310 1991 435 2060 κλυτάν
466 1999 620 2078 πέμπετε
647 1991 771 2081 χάριν“
900 2014 985 2061 vers,
1012 2019 1037 2059 11
1068 1991 1164 2081 άρχει
1192 1995 1255 2077 μὲν

117 2099 178 2186 γὰρ
202 2093 310 2164 αὐτοῦ
337 2110 504 2180 στοιχεῖον
534 2099 571 2164 ἓν
599 2104 665 2163 τῶν
695 2102 901 2184 φωνηέντων
929 2095 967 2162 τὸ
991 2106 1006 2162 ἑ
1029 2099 1087 2162 καὶ
1116 2095 1256 2184 παρά-

51 2240 53 2244 ·
116 2226 257 2267 κειται
288 2199 391 2288 ἑτέρῳ
415 2197 584 2288 φωνήεντι
606 2207 653 2285 τῳ
675 2187 699 2263 i·
725 2199 773 2277 εἰς
796 2207 894 2265 τοῦτο
918 2197 982 2287 γάρ
1006 2199 1101 2287 ’έληξε
1124 2197 1160 2264 τὸ
1186 2197 1254 2286 πρὸ

118 2299 220 2372 αὐτοῦ
242 2306 276 2389 (i.
294 2325 324 2372 e.
340 2299 547 2388 Ὀλύμπιοι).
587 2326 619 2390 p.
641 2308 715 2368 1531
739 2301 848 2390 χάριν,
874 2308 970 2368 oeni:
997 2325 1031 2389 p.
1052 2308 1127 2369 1591
1150 2310 1197 2389 τῷ
1218 2328 1254 2368 τε

117 2406 214 2495 χάριν
228 2407 267 2474 τὸ
284 2411 365 2473 θεολ
387 2411 723 2494 παρακείμενον.
763 2427 848 2474 vers.
860 2432 885 2472 11
908 2401 1069 2495 ὀμφαλὸν
1083 2405 1251 2474 θυόενταε

117 2533 198 2580 rere.
219 2537 245 2577 11
270 2510 422 2578 ἐνταῦθα
438 2518 484 2596 τῷ
499 2505 529 2574 τ’
548 2505 708 2598 ὀμφαλὸν
723 2509 771 2587 εἰς
787 2508 824 2576 τὸ
843 2516 865 2576 ν
887 2508 1024 2598 λήγοντι
1046 2508 1083 2576 τὸ
1104 2509 1255 2578 θνόεντα

119 2619 441 2701 παρακείμενον
477 2609 546 2679 άπὸ
584 2621 644 2680 τοῦ
677 2603 705 2679 6
739 2609 939 2701 ἀρχόμενον.
1001 2615 1051 2682 of.
1087 2622 1255 2699 praeterea

118 2741 148 2803 p.
169 2724 254 2802 1612,
273 2745 309 2801 15,
339 2723 438 2802 16611,
466 2721 551 2801 1681,
573 2722 674 2801 17911,
701 2721 789 2784 2131.
836 2719 934 2801 Atqui
956 2718 1111 2784 adverbia
1134 2717 1255 2795 ἱκανῶς

121 2830 151 2888 et
173 2817 317 2905 εὐμενῶς
339 2823 479 2906 itemque
502 2823 601 2888 verba
617 2820 791 2888 ἐπαινέσει
806 2827 839 2887 ε1
854 2825 1056 2907 παραινέσει
1077 2842 1141 2887 non
1162 2822 1255 2900 iuxta

120 2927 222 3009 positu
237 2933 321 3008 sunt,
348 2926 407 2992 sed
421 2933 572 3010 separatu
586 2931 683 3008 atque
698 2924 932 3008 quodammodo
947 2925 1106 3010 opposita.
1147 2925 1255 2990 Nimi-

122 3050 187 3094 rum
208 3030 384 3115 Dionysius
415 3031 512 3096 etiam
541 3027 602 3106 τάς
631 3023 880 3106 ἀντιθέσεις
909 3029 944 3094 in
972 3030 1114 3095 Platonis
1146 3029 1253 3096 verbis

122 3133 266 3218 detegere
296 3135 439 3200 novelle
467 3134 564 3218 piane
594 3133 690 3215 dixit,
722 3139 819 3216 atque
840 3133 875 3197 in
897 3133 1002 3218 priore
1025 3133 1172 3218 exemplo
1196 3153 1254 3198 ex-

122 3237 287 3304 aminando
303 3238 384 3304 haee
398 3238 454 3304 ille
470 3259 503 3323 p.
522 3240 650 3302 103314:
677 3235 829 3303 ἐνταῦθα
845 3248 916 3313 τοῖς
938 3236 1001 3319 μὲν
1023 3235 1134 3323 έρχοις
1157 3230 1174 3301 ὁ
1196 3233 1254 3302 λό-

126 3362 179 3422 χος
200 3336 293 3408 ἀντί
301 3365 460 3424 κειται,
487 3347 534 3426 τῷ
549 3340 586 3406 δέ
604 3345 806 3427 πραχθῆναι
820 3337 857 3404 τὸ
876 3339 1037 3427 ῥηθῆναι.
1082 3341 1121 3405 In
1143 3346 1253 3425 poste-

123 3443 199 3510 riore
229 3445 315 3512 idem
348 3445 482 3511 recurrit
519 3442 583 3527 (τά
616 3438 722 3510 αὐτὰ
755 3449 865 3509 ποιῶν
899 3442 1119 3530 φανήσεται).
1172 3443 1254 3510 Inde

124 3549 257 3630 sequitur
272 3569 331 3634 pro
346 3546 552 3633 παράκειται
567 3547 770 3614 scribendum
786 3567 859 3613 esse
876 3540 1132 3628 ἀντλκειται;
1159 3569 1254 3633 prae-

124 3650 234 3718 cedens
256 3655 466 3738 παραινέοει,
498 3651 531 3716 ni
554 3651 658 3733 fallor,
693 3671 791 3716 eausa
812 3650 873 3716 fuit
895 3652 1108 3736 corruptelae.
1156 3653 1253 3718 Porro

124 3753 157 3816 in
184 3756 370 3821 editionibus
400 3776 419 3820 e
447 3754 572 3820 Reiskii
602 3754 786 3820 coniectura
814 3755 899 3820 male
921 3754 1039 3838 legitur
1067 3756 1125 3820 καὶ
1147 3763 1253 3822 ταῦτα

117 3853 172 3918 ’τὰ
192 3856 329 3944 πάρισα.
377 3859 545 3924 Sententia
567 3857 648 3926 haee
663 3864 726 3924 est:
767 3858 964 3954 Aduerbiurn
982 3858 1136 3925 adverbio
1152 3881 1253 3944 oppo-

128 3957 214 4026 situm
236 3969 283 4029 eet
306 3970 338 4028 et
360 3961 459 4028 verbo
482 3962 625 4042 verbum,
651 3962 748 4044 idque
770 3961 826 4042 ita,
849 3969 895 4027 ‘ut
925 3962 1022 4027 etiam
1044 3963 1153 4046 parion
1175 3963 1248 4028 sint.

129 4060 268 4131 Codicum
291 4066 386 4132 leutio
402 4086 483 4131 sana
499 4072 559 4130 esi.
607 4065 755 4130 Ceterum
771 4085 854 4147 quae
876 4064 927 4129 his
950 4065 1146 4148 respondent
1163 4065 1252 4149 prio-

128 4164 168 4229 ris
182 4170 313 4255 exempli
328 4171 428 4236 verba
450 4191 482 4254 p.
497 4172 622 4234 10331es
644 4168 691 4233 ita
707 4168 819 4251 legas:
845 4173 1111 4252 παρισοῦται
1137 4168 1251 4252 [παρι-

131 4274 255 4336 σοῦνται
269 4273 305 4356 R]
333 4272 369 4338 δὲ
393 4269 435 4336 τά
457 4275 533 4356 τρία
556 4269 659 4356 μόρια
682 4267 863 4355 τοῦλόγου
886 4280 956 4346 τοῖς
979 4274 1079 4356 τρισί.
