3224 5140
565 395 609 404 -
656 361 739 442 [εει]
787 395 831 405 -
1204 364 1263 425 143

65 611 73 623 r
129 552 180 609 tur
202 545 394 610 sententiam
411 564 541 628 prorsus
557 566 740 629 perversam
755 548 914 633 Dionysio
929 549 1101 632 imputare;
1129 550 1263 614 scribam

130 667 256 713 errasse
279 648 377 712 verba
400 648 568 730 sequentia
589 649 763 716 verisimile
786 651 941 716 reddunt:
967 650 1073 716 εἴκοσι
1087 653 1150 733 μὲν
1166 647 1266 717 ὁπλῖ-

132 774 187 814 ται
221 749 384 836 διέβησαν
417 751 473 814 καὶ
507 749 717 834 τετρακόσιοι
747 751 779 815 οἱ
809 751 947 828 πάντες.
986 752 1115 819 τούτων
1146 754 1266 833 ζῶντες

131 851 365 938 ἐκομίσθησαν
380 846 467 918 άκτιὺ
482 847 686 930 ἀποδέοντες
707 853 904 939 τριακόσιοι,
933 854 964 920 οἱ
980 856 1016 920 δὲ
1029 861 1046 940 ¹)
1069 851 1164 922 άλλοι
1181 853 1266 922 άττί-

129 961 252 1022 δανον.
271 957 328 1020 καὶ
343 961 586 1041 Σιταρτιᾶταιῖ)
607 956 735 1022 τούτων
750 947 837 1043 ἦσαν
859 957 996 1024 εἴκοσι
1018 960 1088 1022 καὶ
1113 957 1266 1024 ἑκατὸν

130 1067 205 1124 τῶν
230 1058 415 1138 ζώντωνε
442 1066 507 1123 τῶν
531 1057 665 1138 ζώντων
688 1062 767 1145 περὶ
790 1060 896 1125 είκοσι
914 1063 970 1124 καὶ
987 1060 1117 1126 ἑκατόν.
1159 1065 1265 1128 Verba

129 1169 192 1228 τῶν
221 1159 358 1241 ζώντων
391 1163 505 1226 mirum
538 1170 689 1245 quantum
722 1164 808 1247 apud
839 1165 1027 1248 Dionysium
1063 1165 1260 1244 claudicant3

129 1287 209 1348 quae
233 1266 382 1350 suspicor
404 1267 493 1349 prius
516 1266 635 1332 omissa
658 1266 700 1330 ad
723 1267 839 1332 falsam
869 1267 985 1332 deinde
1015 1268 1125 1333 sedem
1155 1268 1273 1338 delata.

129 1389 210 1435 esse.
259 1369 309 1434 De
332 1369 566 1452 praepositione
590 1374 669 1453 περί
692 1368 802 1434 dubito
825 1377 929 1434 utrum
949 1371 1098 1454 Dionysii
1120 1391 1162 1436 an
1185 1373 1286 1457 sori-⁸

128 1472 187 1536 bae
210 1471 309 1556 culpa
331 1471 450 1536 omissa
473 1471 525 1536 sit.

214 1595 244 1654 2.
277 1592 530 1654 90272-11721
555 1611 587 1674 p.
610 1595 698 1655 tros
728 1598 868 1656 comitto
899 1597 964 1656 τῶν
985 1593 1189 1657 Πλαταιέων
1211 1593 1265 1657 λε-

130 1691 258 1778 γόντων
273 1688 475 1778 Ἀρχίδαμος
507 1687 728 1778 ἀποκρίνεται
754 1691 883 1758 τοιάδεε
923 1701 1070 1759 τοσαῦτα
1097 1691 1265 1760 είττόντων

130 1799 314 1862 Πλαταιῶν
336 1791 537 1882 Ἀρχίδαμος
559 1790 744 1876 ὑπολαβὼν
769 1789 877 1861 εἶπεν.
924 1797 1030 1862 Verba
1059 1804 1199 1862 τοιαῦτα
1225 1835 1261 1846 —-

130 1899 241 1965 τοιάδε
274 1900 309 1964 in
339 1900 486 1983 Dionysii
521 1899 696 1984 exemplari
731 1899 832 1964 luisse
865 1898 942 1963 mihi
975 1901 1168 1982 persuadere
1202 1921 1264 1966 non

130 2023 268 2086 possum.
310 2002 384 2084 lpse
407 2001 514 2066 rhetor
536 2002 733 2066 enuntiatum
756 2001 851 2082 qnasi
873 2001 1063 2066 intercalare
1087 2022 1144 2085 pro
1161 2003 1264 2068 lubitu

129 2105 376 2171 transformavit.
418 2104 567 2170 Ceterum
590 2103 746 2168 articulus
770 2109 834 2168 τῶν
849 2109 933 2167 certo
949 2103 982 2166 ni
998 2103 1091 2168 fallor
1105 2104 1139 2168 in
1155 2123 1264 2170 exem-

130 2209 209 2290 plari
232 2208 304 2287 tuit,
331 2227 424 2290 quern
448 2227 520 2271 oum
544 2205 608 2272 od
630 2204 812 2290 Thucydidi
835 2205 1031 2270 reddendum
1054 2223 1181 2270 censeo.

212 2328 386 2392 Praeterea
408 2326 469 2391 loci
491 2325 635 2390 nonnulli
658 2325 720 2390 huc
741 2325 872 2404 faciunt,
898 2344 978 2406 quos
1001 2345 1072 2388 cum
1088 2325 1263 2409 Dionysius

130 2430 176 2495 bis
198 2435 288 2494 terve
310 2427 436 2510 landet,
463 2428 565 2492 sicubi
587 2448 608 2492 a
630 2447 708 2492 vera
730 2447 826 2508 quam
849 2427 937 2492 dedit
967 2428 1102 2493 lectione
1129 2428 1259 2508 recedit,

130 2533 195 2616 ipse
218 2551 254 2597 se
277 2530 382 2613 arguit
403 2530 560 2596 incuriae.

213 2636 229 2698 I
254 2640 286 2697 ln
310 2655 341 2717 p.
364 2635 430 2697 1612
452 2663 494 2688 =
516 2633 557 2698 de
580 2653 607 2697 c.
633 2654 663 2696 v.
693 2637 767 2697 totu
797 2631 832 2696 ἐκ
856 2632 892 2696 δὲ
915 2637 1110 2718 τεκμηρίων,
1138 2623 1183 2698 ὧν
1207 2632 1264 2698 ἐπὶ

131 2723 371 2821 μακράτατονί)
400 2738 639 2800 σκοποῦντί
661 2759 734 2816 μοι
760 2741 991 2799 πιστεῦσαι
1015 2736 1258 2816 ξυμβαίνει,
1350 2751 1353 2757 “

132 2835 168 2904 οὐ
190 2837 320 2924 μεγάλα
350 2838 475 2920 νομίζω
506 2843 734 2922 periodos:
771 2843 1008 2902 σκοποῦντι
1036 2835 1263 2902 πιστεύειν

133 2943 306 3024 ξυμβαίνει
332 2991 366 3004 ..
393 2945 658 3027 γεγενῆσθαι
680 2941 713 3004 Μ
729 2942 821 3019 8583;
856 2945 1041 3004 σκοποῦντί
1062 2964 1121 3020 μοι
1144 2941 1263 3018 ξυνέ-

133 3051 178 3132 βη
202 3051 437 3109 πιστεῦσαι
463 3093 496 3106 ..
524 3048 685 3127 γενέσθαι
703 3043 734 3107 Μ
752 3047 854 3108 87116.
901 3043 1048 3108 Errorem
1068 3044 1262 3126 pronominis

132 3173 186 3228 μοι
208 3151 285 3213 858³
309 3147 419 3213 omissi
442 3147 566 3212 scribae
592 3147 749 3230 impertio,
783 3154 906 3211 ceteras
929 3145 1162 3229 discrepantias
1186 3146 1264 3211 Dio-

133 3252 231 3334 nysio.
272 3251 368 3315 Liber
388 3249 430 3320 ¹de
453 3270 481 3312 c.
508 3271 538 3313 v.
565 3249 739 3331 genuinam
762 3248 930 3314 lectionem
954 3249 1104 3313 servavit.

214 3372 229 3435 I
253 3375 306 3436 231
332 3391 364 3454 p.
384 3355 452 3434 2'821
477 3399 519 3424 =
541 3368 582 3434 de
605 3369 706 3434 Thuc.
727 3366 794 3432 iud.
814 3370 891 3432 86οι
914 3365 1035 3432 τούτου
1058 3367 1093 3432 δὲ
1117 3375 1177 3432 τοῦ
1199 3389 1265 3432 τιο-

134 3476 232 3556 λέμσυ
260 3471 366 3560 μῆκός
393 3497 430 3537 τε
461 3477 546 3556 μέγα
576 3467 708 3558 προῦβη
737 3467 930 3557 τταδηματά
960 3495 994 3534 τε
1026 3471 1262 3557 ξυνηνέχθη

135 3582 293 3659 γενέσθαι
316 3575 352 3640 έν
376 3569 465 3659 αὐτῷ
489 3582 526 3658 τῇ
547 3568 679 3656 Ἑλλάδι
702 3570 769 3638 οἶα
794 3566 854 3653 οὐχ
878 3570 974 3657 έτερα
998 3571 1034 3638 έν
1056 3572 1119 3656 ’ίσηι
1135 3572 1262 3658 podem:

138 3729 196 3745 ...
221 3675 415 3765 παθήματά
438 3703 471 3742 τε
496 3679 649 3762 ξυνέβη
680 3681 842 3760 γενέσθαι
865 3673 918 3763 (έν
941 3670 1047 3762 αὐτῷ)
1075 3683 1113 3760 τῇ
1134 3671 1265 3741 Ἑλλάδι

135 3779 267 3846 πολλὰ
297 3777 352 3844 οἶα
376 3774 437 3861 οὐχ
465 3779 562 3864 ἕτερα
586 3777 622 3844 έν
655 3778 717 3863 ἰ’σιρ
748 3775 858 3863 χρόνῳ
882 3778 914 3842 Μ
941 3782 1047 3843 tolle.
1097 3779 1201 3843 Verba
1230 3777 1266 3843 έν

136 3879 228 3969 αὐτῷ,
255 3905 328 3951 cum
344 3883 503 3950 sententia
517 3881 711 3965 flagitentur,
737 3882 936 3946 librariorum
953 3881 1049 3964 culpa
1063 3881 1265 3946 intercidisse

134 3993 220 4069 puto:
246 4006 358 4052 vocem
382 3986 501 4071 ξυνέβη
525 4006 582 4069 pro
605 3985 724 4049 rariora
748 3985 936 4069 ξυνηνέχθη
959 3983 1096 4066 positam
1118 4003 1182 4047 non
1204 3983 1265 4047 im-

200 4177 216 4234 1l
237 4173 262 4228 ιλ
285 4173 313 4228 Μ
342 4177 353 4239 ΙΙ
388 4176 406 4239 ²)
430 4169 598 4246 σπαρτιᾶται
617 4173 644 4226 Μ
673 4175 684 4237 ΙΙ
718 4171 737 4237 ³)
760 4166 984 4242 ἒτιιμακρότατον
1001 4170 1036 4235 R,
1063 4167 1109 4222 ἐπὶ
1127 4165 1264 4240 μακρότε-

138 4277 186 4330 ρον
203 4262 392 4325 Florentinus;
417 4259 613 4314 eandoem.
636 4258 710 4312 stud.
730 4257 817 4310 Thuc.
839 4273 865 4325 p.
882 4258 906 4308 2.
