3182 5136
342 405 402 470 198
774 437 818 449 -
866 400 948 483 [282]
995 434 1039 445 -

343 595 439 657 10611
463 597 528 656 τῶν
550 589 587 655 δέ
609 586 685 677 τὴν
707 585 802 675 λιτὴν
827 587 885 652 καί
914 582 1032 672 ἰσχνὴν
1060 585 1118 649 καί
1149 577 1332 669 ἀπέριττον
1363 581 1481 670 ἐπιτη-

343 693 511 760 δευόντων
527 690 664 781 φράσιν.
691 710 775 758 vere.
795 717 807 757 9
830 689 947 756 τῶνδὲ
970 685 1043 776 τὴν
1064 692 1171 775 μέσην
1186 684 1362 753 διάλεκτον
1378 679 1481 774 ἠσκη-

341 795 461 864 κότων.
517 797 661 863 Eandem
697 795 856 862 medelam
887 791 1025 859 adhibeo
1051 811 1084 877 p.
1112 794 1223 858 100819
1252 787 1314 878 τὴν
1343 787 1483 877 πρώτην

341 898 496 968 διάνοιαν
510 891 637 985 δλίγοίς
654 897 716 987 <το
726 897 783 986 ῖς)
794 891 959 987 ὀνόμασιν
975 893 1194 982 ἐξενεχθῆναι
1209 894 1401 981 δυναμένην
1414 917 1482 977 μα-

342 999 426 1090 κρὰν
462 1015 570 1086 ποιεῖ,
612 1003 652 1068 ef.
687 1024 718 1088 p.
744 1003 822 1067 9709
850 996 1018 1086 τοσαύτην
1047 993 1234 1086 ἐκμηκύνας
1269 1001 1483 1084 περίφρασιν

341 1101 468 1191 ὀλίγοις
490 1117 582 1182 τοῖς
605 1099 749 1187 ὀνόμασι
772 1103 960 1186 δυναμένου
982 1102 1241 1188 περιληφθῆναι
1263 1095 1478 1186 πράγματος,

345 1211 420 1274 1919
444 1207 480 1274 έν
502 1203 628 1294 ὀλίγοις
650 1219 738 1284 τοῖς
760 1205 879 1283 κώλοις
902 1200 943 1272 σύ
964 1203 1095 1281 πολλὰς
1121 1203 1256 1292 εἰσῆγον
1279 1200 1354 1280 τδις
1377 1226 1481 1287 μετα-

342 1311 458 1394 βολάς.
504 1311 651 1394 Denique
673 1311 843 1377 articulum
865 1309 916 1376 hie
945 1309 1023 1375 loeis
1052 1307 1151 1374 addo:
1186 1329 1218 1392 p.
1239 1310 1330 1372 49511
1365 1305 1481 1373 πάντα

344 1412 442 1502 (τὰ)
458 1411 682 1501 παραπλήσια
701 1410 843 1490 τούτοις.
892 1416 968 1479 6449
992 1409 1051 1478 δύο
1068 1408 1218 1498 τρόπους
1233 1418 1292 1498 τῆς
1311 1411 1482 1497 διαφορᾶς

344 1517 400 1582 καὶ
423 1513 541 1606 (τῆς)
570 1515 659 1602 πρὸς
681 1513 723 1580 τὰ
745 1511 871 1603 ἀρχαῖα
900 1512 1072 1602 μιμήσεως
1100 1509 1194 1600 εύροι
1221 1537 1272 1591 τις
1302 1508 1355 1581 δέν.
1406 1518 1482 1581 8999

345 1614 412 1708 δρῶ
434 1621 470 1687 δὲ
493 1622 550 1686 καὶ
573 1618 666 1709 (τὰ)
688 1621 768 1707 περὶ
791 1617 852 1707 τὴν
874 1619 965 1699 λέξιν
988 1617 1214 1702 ἐλαττώματα,
1247 1619 1328 1704 περὶ
1352 1609 1400 1684 ὧν
1420 1613 1480 1706 ἤδη
1587 1649 1588 1666 ¹

344 1729 545 1813 προείρηκα,
573 1725 716 1790 πλεῖστα
739 1725 797 1788 καί
818 1727 959 1808 μέγιστα
982 1719 1121 1799 ταύταις
1147 1719 1385 1809 συμβεβηκότα
1409 1735 1482 1800 ταῖς

345 1829 461 1906 ἰδέαις.
496 1833 593 1894 10109
610 1825 740 1916 ταῦτα(
749 1825 819 1914 τὰ)
831 1827 1073 1909 κεκολπωμένα
1089 1826 1229 1912 σφίγξαι
1244 1826 1377 1907 μᾶλλον
1392 1823 1479 1914 ένῆν.

348 1937 444 1998 10759
470 1926 517 1998 ‘H
538 1931 662 2020 μὲνδὴ
693 1928 806 2019 πρώτη
838 1937 903 1997 τῶν
926 1924 1096 2016 ἁρμονιῶν
1117 1924 1136 2017 ἡ
1158 1926 1270 2017 γενικὴ
1296 1979 1303 1993 .
1334 1981 1341 1994 .
1371 1982 1378 1994 .
1411 1955 1481 1996 τσι-

347 2032 406 2100 ύδε
429 2039 480 2111 τίς
503 2033 574 2100 ἐστι
596 2033 681 2100 κατὰ
704 2033 765 2100 τὸν
780 2041 986 2120 χαρακτῆρα.
1031 2027 1078 2098 Ἡ
1098 2033 1134 2098 δὲ
1157 2031 1242 2116 μετὰ
1264 2031 1393 2121 ταύτην
1415 2028 1481 2122 (ἡ)

347 2134 505 2225 γλαφυρὰ
530 2188 537 2202 .
559 2187 594 2202 ..
621 2135 769 2225 τοιαύτη.
819 2141 915 2204 11189
939 2133 1102 2224 τὰπάθη
1132 2133 1174 2201 τὰ
1203 2143 1262 2224 τῖης
1285 2145 1404 2226 φωνῆς
1425 2140 1481 2204 καὶ

347 2240 389 2306 τὰ
413 2239 566 2329 σχήματα
591 2240 684 2330 (τὰ)
708 2248 768 2308 τού
791 2237 955 2323 σώματος.

434 2418 466 2481 p.
486 2400 607 2461 6011199
634 2390 726 2472 Ἓνὸς
749 2390 782 2461 δ’
808 2394 858 2460 ’έτι
880 2392 1123 2482 μνησθησομαι
1141 2398 1268 2479 γένους,
1296 2393 1334 2474 ἐξ
1358 2386 1398 2461 σύ
1417 2393 1482 2479 μύ-

348 2498 445 2562 λιστα
474 2491 672 2584 ἡδιαφορὰ
700 2504 767 2563 τῶν
798 2491 929 2583 ἀνδρῶν
958 2495 1053 2591 έσταρ
1080 2495 1290 2585 καταφανής.
1344 2491 1482 2564 Ὑποτί-

349 2605 451 2666 θεται
474 2600 509 2666 δέ
536 2600 659 2685 [eodd.:
686 2595 718 2666 δ’
736 2603 774 2684 R]
802 2597 958 2687 ἑκάτερος
982 2595 1116 2687 ἰδιώτην
1139 2595 1245 2687 ἄνδρα
1268 2602 1328 2666 καὶ
1351 2595 1482 2688 ύπράγ-

349 2728 436 2787 μονα
469 2705 526 2770 καὶ
558 2707 637 2771 νέον
665 2706 735 2770 κτλ.
789 2705 840 2769 Ex
869 2703 1017 2789 Dionysii
1050 2723 1111 2770 usu
1141 2703 1345 2772 scribendum
1378 2706 1480 2772 iudico

347 2801 573 2874 Ὑπστίθεται
609 2809 628 2874 δ
636 2806 655 2896 η
687 2805 843 2894 ἑκάτερος
873 2808 955 2890 κτλ,
996 2807 1036 2873 ef.
1063 2829 1095 2892 p.
1122 2811 1227 2874 906199
1256 2802 1481 2893 Ἐξετάσωμεν

351 2909 390 2999 δη
415 2909 510 2998 παρὰ
525 2919 646 2978 τούτου
663 2909 723 2978 τὸν
738 2909 897 2996 διάλογον
922 2961 928 2974 .
946 2961 953 2976 .
971 2961 977 2975 .
997 2909 1112 2996 ἕτερον
1128 2905 1232 2977 αύτού
1247 2909 1407 2998 διάλογον
1424 2963 1430 2976 .
1448 2963 1474 2976 ..

350 3009 555 3080 ὑποτίθεται
585 3013 624 3103 δὴ
654 3017 723 3080 κτλ.
772 3018 878 3080 592199
909 3009 1054 3100 ἄρξομαι
1076 3013 1112 3079 δὲ
1135 3009 1205 3080 ἀπὸ
1233 3021 1300 3082 τῶν
1322 3017 1403 3102 περὶ
1423 3014 1459 3103 τη

351 3118 442 3197 λέξιν
464 3115 709 3205 θεωρημάτων.
748 3117 820 3182 ἔστι
843 3115 881 3204 δή
905 3141 956 3194 τις
975 3111 1101 3184 Ἰσαίου
1122 3115 1233 3202 λόγος.
1288 3121 1395 3185 945999
1416 3115 1480 3204 θη-

352 3243 399 3285 σω
430 3215 462 3286 δ’
489 3220 525 3302 έξ
555 3216 758 3308 ἀμφοτέρων
787 3220 1046 3308 παραδείγματα
1072 3270 1079 3283 .
1102 3269 1108 3283 .
1130 3270 1136 3284 .
1162 3219 1234 3286 έστι
1256 3219 1296 3309 δή
1320 3245 1372 3299 τις
1394 3216 1479 3306 αύτῷ

352 3323 550 3412 διμναῖα·

435 3499 470 3563 p.
490 3482 610 3543 6111199
625 3472 741 3543 Ἔσται
764 3477 800 3543 δὲ
822 3475 1056 3566 κεφαλαιώδης
1085 3501 1120 3543 τε
1151 3477 1208 3542 καὶ
1230 3470 1274 3554 ὡς
1296 3475 1386 3565 πρὸς
1408 3471 1478 3544 ἆνε-
1586 3523 1587 3568 ,

346 3578 523 3665 γνωκότας
552 3578 612 3648 τὸν
635 3577 741 3668 ύνδρα
773 3575 932 3666 δλόγος’
966 3577 1006 3647 σύ
1029 3579 1091 3668 γὰρ
1117 3577 1271 3668 ἐνεχώρει
1298 3583 1478 3669 παραδείγ-
1586 3569 1587 3576 ¹

352 3707 442 3766 ματα
465 3683 605 3751 πάντων
627 3690 774 3751 τιθέναι.
821 3684 957 3762 Quando
978 3685 1077 3769 igitur
1098 3683 1167 3750 fieri
1188 3704 1252 3750 non
1274 3693 1414 3770 poterat,
1446 3690 1477 3748 ut

353 3788 493 3852 omnium
523 3791 672 3873 exempla
700 3793 940 3873 promerentur?
984 3791 1066 3854 Tum
1095 3788 1227 3870 99111991,
1262 3808 1333 3854 eum
1362 3789 1477 3871 Diony-

354 3891 420 3957 sius
450 3891 531 3958 11999
562 3891 731 3957 scribebat.
785 3891 882 3957 Falso
915 3891 1013 3974 igitur
1041 3891 1264 3977 imperfectum
1298 3892 1473 3958 exhibetur:

353 3995 444 4080 legas
478 3988 519 4060 ού
548 3990 611 4080 γὰρ
653 3993 830 4080 ἐγχωρεῖ
862 3994 1121 4081 παραδείγματα
1162 3991 1303 4061 πάντων
1336 3999 1472 4072 τιθέναι,

353 4098 394 4164 ef.
420 4119 452 4184 p.
473 4103 542 4164 5499
564 4095 823 4183 παραδείγματα
847 4092 880 4163 δ’
899 4092 1029 4184 ἀμφοῖν
1043 4091 1127 4162 καθ’
1146 4096 1289 4163 ἕκαστον
1311 4101 1427 4185 φέρειν
1447 4093 1478 4160 έν

354 4209 400 4287 τηῖ
422 4201 569 4288 παρόντι
584 4194 644 4266 ούκ
660 4198 809 4286 έγχωρεῑ.
857 4205 962 4266 496199
985 4197 1288 4287 προχειρισάμενός
1302 4225 1338 4267 τε
1354 4200 1412 4268 ἕνα
1426 4195 1477 4264 λό-

354 4327 431 4390 γον·
478 4298 518 4370 ού
554 4302 616 4390 γὰρ
655 4302 794 4388 ἐγχωρεῖ
830 4303 972 4378 πολλοῖς
1010 4308 1163 4392 χρῆσθαι
1199 4304 1471 4390 παραδείγμασιν.
