3182 5136
320 375 382 436 212
753 410 796 419 -
842 373 927 455 μου]
974 409 1018 419 -

321 565 505 644 ονομασίας
527 562 584 626 καὶ
600 555 803 638 ἀντιθέσεις.
841 559 1076 626 Herwerdenus
1092 561 1251 626 voeabula
1271 559 1327 625 καὶ
1344 581 1454 644 παρο-

318 661 483 746 μοιώσεις,
510 683 581 730 oum
603 685 635 749 p.
657 667 732 730 8691
755 683 818 730 uon
833 665 990 747 legantur,
1016 663 1110 744 delet,
1134 682 1326 747 quamquam
1343 683 1361 728 e
1377 682 1453 728 oon-

317 767 413 832 trario
436 766 540 850 potius
562 788 595 851 p.
615 769 690 833 869ι
714 786 753 832 ea
773 765 945 832 inserenda
960 785 1032 832 esse
1047 766 1198 850 colligere
1214 766 1360 847 debebat,
1381 784 1452 831 oum

318 871 506 954 praesertim
529 870 677 955 Dionysii
700 869 853 952 loquendi
875 888 953 936 usus
982 869 1069 936 idem
1094 870 1222 954 probet;
1255 869 1296 936 of.
1322 889 1355 953 p.
1376 871 1454 934 4899

317 978 575 1060 καταμέμφεται
596 979 663 1038 τῶν
684 973 764 1059 περὶ
785 970 845 1048 τὰς
868 966 1060 1049 ἀντιθέσεις
1087 973 1145 1037 καὶ
1167 969 1375 1057 παρισώσεις
1398 973 1455 1036 καὶ

318 1073 568 1161 παρομοιώσεις
594 1125 600 1139 .
622 1124 628 1138 .
651 1126 658 1139 .
684 1073 990 1141 διεσπουδακότων.
1038 1079 1115 1142 5396
1138 1074 1231 1140 αἵτε
1255 1071 1454 1160 παρομοιώ-

317 1200 387 1256 σεις
410 1179 467 1244 καὶ
489 1176 694 1264 παρισώσεις
717 1179 774 1250 καλ
796 1175 837 1243 τά
860 1172 1035 1244 ἀντίθετα.
1083 1183 1159 1244 561⁷
1182 1185 1248 1244 τῶν
1271 1175 1454 1265 σχημάτων

316 1279 353 1346 τὸ
376 1282 594 1368 μειρακιῶδες
615 1283 696 1368 περὶ
711 1278 771 1358 τὰς
787 1275 979 1358 ἀντιθέσεις
994 1283 1051 1346 καὶ
1067 1280 1273 1368 παρισώσεις
1288 1283 1345 1346 καὶ
1360 1305 1454 1368 παρ-

317 1381 491 1467 ομοιώσεις
523 1381 821 1470 κατατριβόμενον.
877 1387 988 1450 107814
1019 1383 1057 1450 αἵ
1087 1409 1122 1450 τε
1157 1381 1364 1471 παρισώσεις
1396 1385 1453 1450 καὶ

315 1485 564 1571 παρομοιώσεις
586 1488 642 1552 καλ
665 1482 857 1564 ἀντιθέσεις
886 1488 943 1552 καὶ
965 1485 1007 1551 τὰ
1028 1492 1337 1572 παρωνομασμένα.
1388 1489 1453 1554 Sed

315 1589 397 1657 haee
424 1591 590 1658 haetenus.
636 1592 705 1656 Iam
728 1591 831 1676 viam,
868 1612 964 1675 quam
992 1591 1131 1674 ingressi
1158 1611 1301 1672 eramus,
1339 1611 1454 1676 perse-

314 1712 458 1774 quamur.

398 1817 431 1881 p.
452 1801 557 1862 7725ss
583 1796 790 1884 Θουκυδίδης
812 1797 848 1861 δὲ
871 1793 1024 1880 πόλεμον
1046 1796 1105 1863 ἕνα
1128 1800 1186 1862 καλ
1207 1819 1302 1872 τινας
1321 1791 1453 1864 ἀπνευ-

314 1899 369 1962 στὶ
383 1899 587 1985 διεξέρχεται
600 1896 712 1982 μάχας
728 1897 787 1964 έπλ
800 1897 926 1982 μάχαις
948 1901 1006 1964 καλ
1020 1895 1238 1986 παρασκευάς
1255 1897 1314 1965 ἐπὶ
1335 1922 1453 1986 παρα-

315 2013 449 2078 σκευαῖς
471 2002 527 2066 καλ
549 1999 670 2087 λόγους
694 2001 753 2068 έπλ
774 2001 887 2086 λόχοις
909 2007 1093 2080 συντιθείς.
1140 2003 1246 2069 Verbo
1269 2006 1327 2067 καί
1353 2025 1451 2078 τινας

313 2112 461 2189 oorrupta
494 2124 564 2172 esse
597 2112 743 2191 apparet.
797 2103 888 2182 Quae
918 2105 1070 2172 Reiskius
1104 2105 1271 2191 proposuit
1303 2105 1362 2170 καὶ
1399 2099 1453 2170 ἀεί

313 2231 408 2284 τινας
430 2209 483 2274 vel
505 2209 563 2273 καὶ
585 2205 703 2285 καινάς
727 2202 780 2276 ἀεί
807 2233 911 2290 τινας,
948 2209 1025 2276 ferri
1051 2215 1230 2293 nequeunt,
1267 2229 1340 2274 eum
1370 2210 1450 2275 sub-

312 2312 486 2378 stantivum
507 2309 629 2394 μάχας,
649 2311 698 2391 ¹ad
721 2311 805 2396 quod
825 2311 890 2379 ieta
911 2311 1056 2395 redeunt,
1081 2333 1146 2379 non
1164 2332 1205 2380 ex
1227 2312 1448 2398 διεξέρχεται,

312 2414 369 2480 sed
391 2435 432 2480 ex
456 2419 628 2494 συντιθείς
649 2415 801 2500 pendeat.
848 2416 962 2499 Neque
984 2416 1088 2500 magis
1110 2416 1210 2501 probo
1224 2415 1347 2482 Helleri
1370 2435 1450 2482 eou-

310 2516 448 2584 ieoturas
469 2518 543 2600 (1.1.
567 2539 599 2602 p.
619 2519 691 2602 552)
720 2516 789 2601 ένα,
823 2519 1008 2584 καὶταῦτα
1032 2513 1197 2586 ἀπνευστί
1222 2569 1229 2584 .
1252 2569 1258 2583 .
1280 2569 1287 2583 .
1312 2519 1367 2585 vel
1391 2519 1450 2584 καὶ

311 2615 414 2687 αὐτὸν
435 2627 556 2688 τοῦτον
571 2615 746 2688 ἀπνευστί.
785 2623 1020 2690 Herwerdenus
1035 2615 1135 2690 verbe
1156 2626 1214 2688 καλ
1228 2646 1324 2700 τινας
1344 2622 1445 2705 delet,

309 2731 421 2810 utpote
449 2745 532 2810 quae
560 2745 600 2792 ex
621 2726 815 2809 glossemate
838 2750 914 2818 τινα
936 2726 979 2792 ad
1001 2725 1061 2793 ἕνα
1083 2727 1244 2812 adseripto
1266 2733 1345 2792 nata
1367 2727 1446 2793 sint.

309 2829 386 2895 Mihi
409 2831 502 2898 aliter
529 2829 570 2898 de
599 2829 659 2897 hoo
686 2832 756 2897 loeo
785 2829 992 2898 iudicandum
1015 2830 1152 2898 videtur.
1200 2831 1299 2914 Urget
1328 2851 1448 2918 nempe

309 2953 510 3019 summopere
532 2934 718 3019 Dionysius,
753 2934 839 3018 quod
860 2933 1066 3020 'Phueydides
1096 2955 1196 3000 unum
1224 2943 1350 3002 tantum
1374 2936 1448 3002 bel-

309 3038 373 3102 lum
401 3037 535 3104 historia
563 3038 748 3122 eomplexue
777 3037 830 3103 sit.
883 3037 975 3102 Hane
1008 3037 1200 3107 sententiam
1234 3045 1364 3106 seeutue
1399 3039 1448 3104 ita

308 3140 506 3224 scripserim:
543 3139 750 3228 Θουκυδίδης
773 3140 809 3206 δὲ
832 3138 984 3223 πόλεμον
1014 3139 1086 3206 ἕνα
1117 3141 1187 3206 καὶ
1214 3139 1288 3208 τὸν
1310 3134 1447 3208 αὐτὸν

308 3237 471 3309 ἀπνευστὶ
494 3242 699 3327 διεξέρχεται
720 3243 790 3308 κτλ.
844 3243 989 3310 Eandem
1011 3243 1202 3310 locutionem
1225 3243 1327 3310 habes
1350 3265 1381 3311 e.
1407 3265 1443 3329 g.

306 3366 339 3430 p.
359 3349 434 3412 8197
459 3344 519 3411 ένα
542 3347 599 3410 καὶ
621 3343 681 3414 τὸν
711 3340 815 3413 αὐτὸν
841 3343 1068 3434 φυλάττοντες
1097 3344 1239 3414 σκοπόν.
1289 3351 1388 3414 10946
1412 3353 1446 3414 τί

307 3445 345 3535 δή
369 3472 453 3516 ποτε
476 3446 682 3533 βουλόμενος
705 3443 950 3536 οάπορεύεται
971 3454 1054 3533 μίαν
1077 3449 1143 3517 olel
1173 3451 1230 3516 καὶ
1252 3449 1313 3538 τὴν
1336 3445 1446 3539 αὐτὴν

308 3545 405 3627 (idom

841 3725 899 3789 IX.

635 3847 674 3896 In
691 3845 844 3898 iudicium
863 3846 901 3899 de
920 3848 1111 3912 Thucydide.

390 3964 425 4030 P.
446 3964 551 4028 817⁷ss
571 3956 632 4028 Ἕιῡ
653 3960 715 4048 γάρ
738 3964 857 4048 λέγειν,
885 3959 938 4032 ὅτι
959 3967 1096 4033 πολλῶν
1118 3966 1225 4053 έρχιον
1248 3962 1308 4050 οὐχ
1331 3963 1443 4056 ἥττων

305 4073 365 4133 τοῦ
387 4070 539 4148 τεχνίτου
561 4063 675 4152 κριτὴς
698 4059 715 4132 ὁ
733 4063 873 4154 ἰδιώτης,
901 4075 967 4135 τῶν
981 4073 1047 4153 χεῖ)
1075 4064 1121 4135 δι’
1141 4067 1335 4158 αἰσθήσεως
1359 4066 1441 4137 ἀλό·

374 4292 389 4353 ¹)
412 4307 444 4358 γε
462 4287 578 4344 Repu:
605 4305 633 4340 τε
651 4287 721 4342 MR.
