3224 5140
339 368 398 428 ιιι
769 397 813 408 -
861 361 944 442 [οτι]
991 319 1039 406 -’

337 551 546 636 probabiliter
578 548 736 632 Dionysio
773 549 958 612 tribuemus.
1016 546 1163 627 Denique
1197 546 1329 610 verbum
1365 544 1480 610 πολλά

338 661 442 718 utrum
464 653 533 736 ipse
551 651 658 716 rhetor
675 671 717 715 an
733 650 918 734 posterioris
942 649 1094 732 temporis
1116 649 1216 713 lector
1234 649 1353 732 aliquis
1377 649 1480 714 inter-

338 757 504 840 polaverit,
531 753 668 818 discerni
691 753 810 835 nequit.

423 875 460 937 B.
486 874 595 938 Altero
611 873 680 936 loco
694 872 775 936 illud
791 891 884 953 quam
901 870 1040 935 maxime
1056 870 1228 935 videndum
1250 877 1311 952 est,
1338 891 1479 952 quonam

340 976 487 1060 Dionysii
502 976 536 1039 in
552 994 646 1059 opere
663 973 860 1057 Thucydidis
876 973 976 1037 verba
992 972 1173 1052 laudentur,
1199 971 1298 1054 idque
1316 973 1359 1037 ad
1376 974 1480 1038 maio-

337 1099 404 1144 rem
427 1079 625 1162 potissimum
650 1087 681 1142 et
703 1076 858 1140 minorem
881 1076 921 1140 de
943 1074 1132 1160 Thucydide
1154 1075 1269 1139 librum
1293 1076 1447 1159 pertinet.

423 1181 544 1246 Maiore
567 1180 650 1244 enim
677 1179 758 1243 libro
782 1178 888 1243 studia
911 1195 970 1242 sua
993 1176 1197 1262 Thucydidia
1222 1178 1413 1261 diligenter,
1445 1189 1480 1244 ut

338 1291 404 1347 tum
428 1290 497 1348 erat
519 1282 695 1348 litterarum
719 1287 838 1360 status,
865 1281 1029 1345 elaborata
1058 1280 1178 1363 publici
1207 1280 1287 1345 iuris
1315 1281 1413 1362 fecit,
1445 1282 1480 1346 in

320 1405 400 1466 'quo
424 1385 478 1449 ubi
493 1383 712 1467 Thucydidem
735 1382 857 1461 laudat,
884 1383 981 1447 verbo
1004 1390 1096 1446 tenus
1113 1383 1280 1466 exemplar
1302 1402 1338 1448 se
1356 1385 1480 1449 exscri-

338 1488 412 1553 bere
436 1487 652 1571 complurihus
681 1487 761 1551 locis
792 1484 996 1568 significavi,
1029 1505 1221 1567 quamquam
1252 1493 1416 1568 quatenus
1445 1488 1480 1552 id

339 1592 470 1668 valeret,
498 1591 577 1656 satis
600 1590 723 1674 experti
747 1609 867 1653 sumus.

425 1713 544 1776 Contra
576 1729 705 1794 prorsus
739 1710 803 1773 alia
837 1709 984 1792 opusculi
1014 1708 1054 1774 de
1084 1708 1284 1792 Thucydidis
1313 1710 1480 1777 idiomatis

340 1814 482 1880 condicio
505 1821 564 1878 est.
612 1813 732 1877 Maiore
754 1832 849 1895 opere
871 1813 904 1875 in
927 1813 1031 1876 lucem
1062 1811 1164 1892 edito,
1198 1833 1259 1894 quo
1290 1811 1408 1878 πάντα
1439 1811 1481 1880 τὰ

340 1915 482 1998 δεόμενα
517 1913 618 1999 λόγον
645 1911 735 1996 μετὰ
769 1922 834 1979 τῶν
865 1913 997 1980 οἰκείων
1027 1909 1234 1992 ἀποδείξειαν
1267 1937 1326 2000 pro
1357 1918 1481 1986 viribus

338 2021 570 2100 illustraverat,
597 2026 766 2102 postquam
789 2017 1009 2100 Thucydidem
1039 2018 1104 2082 iam
1133 2018 1223 2101 prius
1252 2018 1286 2083 in
1316 2020 1412 2086 libris
1439 2022 1481 2086 de

339 2120 515 2186 oratoribus
542 2121 710 2203 antiquis²l
738 2127 770 2184 et
792 2119 833 2183 de
855 2119 1031 2184 imitatione
1041 2121 1061 2201 3)
1089 2120 1254 2200 tractavit,
1287 2121 1476 2205 AmmaeuS,

340 2224 394 2305 qui
419 2214 516 2309 ἧττον
537 2217 750 2309 ἠκριβῶσθαι
778 2219 838 2297 τὰς
865 2219 1000 2307 γραφάς
1029 2222 1077 2304 (de
1100 2222 1287 2305 Thucydide
1310 2223 1477 2310 iudicium)

339 2329 484 2411 putabat,
510 2348 583 2392 eum
606 2326 793 2391 adhortatus
816 2334 875 2406 est,
901 2332 946 2405 ut,
973 2345 1054 2408 quac
1076 2325 1111 2388 in
1133 2325 1317 2391 universum
1333 2326 1480 2394 historici

337 2431 492 2495 idiomata
514 2436 733 2495 enumerasset
760 2431 797 2510 (c.
823 2432 862 2491 24
887 2429 926 2493 de
950 2428 1079 2509 Thue.),
1107 2430 1263 2512 exemplis
1284 2430 1478 2497 illustraret.

339 2532 441 2610 Quem
463 2533 605 2597 laborem
622 2538 654 2597 et
668 2532 782 2614 ipsum,
809 2551 850 2596 ue
866 2530 942 2613 quid
957 2531 1274 2614 praetermitteretur,
1300 2531 1480 2617 Dionysias

340 2635 490 2718 suscepit.
532 2634 596 2700 Sed
618 2634 753 2698 invitum
777 2653 850 2697 eum
872 2632 932 2698 hoc
955 2633 1070 2699 fecisse
1093 2633 1164 2716 ipsa
1187 2633 1256 2698 eius
1272 2635 1373 2699 verba
1387 2656 1481 2701 mon-

340 2745 442 2802 strant
468 2738 548 2821 (cap.
571 2741 612 2800 ll.
651 2736 787 2800 Putasse
811 2755 846 2799 se
869 2736 914 2799 ait
937 2736 1015 2800 satis
1039 2755 1197 2819 superque
1220 2735 1261 2801 de
1281 2727 1481 2822 Thucydide

340 2840 462 2905 duobus
493 2840 642 2924 operibus
665 2846 772 2905 actum
800 2857 887 2912 esse;
920 2839 984 2902 iarn
1013 2858 1089 2903 vero
1118 2844 1153 2902 ut
1182 2839 1230 2902 illi
1261 2839 1477 2922 satisfaceret,

340 2944 576 3020 scholasticum,
602 2963 664 3007 nou
689 2941 971 3006 demonstrativum
994 2940 1123 3005 dicendi
1145 2940 1273 3004 modum
1297 2960 1333 3006 se
1355 2943 1481 3007 electu-

338 3068 419 3111 rum.
468 3045 668 3127 Quamquam
691 3043 977 3108 demonstrativum
1007 3043 1136 3106 modum
1166 3043 1273 3108 minus
1295 3043 1330 3108 in
1353 3044 1481 3110 deliciis

340 3170 375 3215 se
398 3149 516 3214 habere
539 3155 649 3232 aperte
671 3147 775 3211 innuit
798 3146 837 3211 de
860 3165 887 3210 c.
913 3167 943 3209 v.
970 3167 1003 3229 p.
1028 3149 1101 3208 1511
1124 3139 1339 3231 ὑπέρμετρον
1361 3146 1480 3229 ἔμελλε

340 3249 559 3337 φανήσεσθαι
582 3247 619 3314 τὸ
644 3247 818 3333 σύνταγμα
841 3250 897 3312 καὶ
922 3244 1126 3334 σχολικὸν
1148 3249 1278 3329 μᾶλλον
1301 3243 1320 3334 ἢ
1344 3273 1482 3335 παραγ-

339 3350 502 3436 γελτικόν.
553 3355 663 3418 lirosa
686 3349 776 3416 πολὺ
798 3348 860 3436 γὰρ
885 3346 927 3415 ἂν
951 3345 968 3436 ἡ
994 3349 1150 3428 σύνταξις
1173 3347 1210 3414 τὸ
1234 3357 1341 3437 μῆκος
1364 3350 1476 3434 λάβοι,

339 3455 396 3517 καὶ
419 3454 511 3535 δέος,
538 3448 664 3540 μήποτ’
683 3453 732 3530 εἰς
755 3450 832 3528 τοὺς
856 3449 1087 3533 σχολικοὺς
1111 3451 1190 3536 ἐκβῇ
1204 3459 1423 3540 χαρακτῆρας
1445 3452 1481 3518 ἐκ

340 3564 405 3621 τῶν
427 3551 751 3642 ὑπομνηματισμῶν.

424 3676 529 3756 Idem,
556 3677 589 3740 ni
619 3677 722 3756 fallor,
749 3675 897 3760 {taedium
928 3676 1027 3742 verba
1055 3675 1123 3741 eius
1145 3675 1289 3740 indicant
1312 3695 1339 3741 c.
1367 3680 1387 3739 2
1410 3677 1477 3744 in:

343 3774 415 3843 Ἵνα
429 3779 464 3843 δὲ
481 3772 826 3863 εὐπαρακολούθητος
842 3770 859 3840 ὁ
876 3775 975 3860 λόγος
992 3799 1046 3842 σοι
1065 3783 1209 3864 γένηται,
1230 3779 1380 3861 προθεὶς
1395 3776 1481 3844 κατὰ

340 3882 431 3959 λέξιν
453 3875 516 3945 ὅσα
539 3881 619 3966 περὶ
642 3886 701 3945 τοῦ
724 3884 945 3964 ονγγραιγέιος
968 3879 1122 3963 τυγχάνω
1145 3877 1354 3967 προειρηκὼς
1383 3885 1420 3965 (o.
1440 3886 1479 3946 24

411 4087 429 4149 ¹)
449 4083 492 4139 Cf.
517 4081 587 4136 κατὰ
606 4084 681 4143 λέξιν
700 4081 806 4147 obrute)
828 4079 951 4154 γράφων
975 4085 1068 4143 82318,
1091 4086 1287 4149 8326,'91310‚
1310 4087 1412 4151 94911;
1443 4084 1478 4139 ef.

342 4173 436 4236 83614,
453 4172 528 4222 8381.
561 4166 630 4221 κατὰ
650 4169 725 4230 λέξιν
744 4167 850 4234 obrute)
867 4166 973 4240 γράφει
992 4173 1068 4236 8414,
1084 4173 1183 4236 blito,
1205 4169 1241 4224 ef.
1258 4172 1341 4223 8341ss
1361 4173 1372 4236 ΙΙ
1396 4172 1416 4236 ²)
1437 4169 1479 4226 Cf.

343 4259 409 4308 7885
434 4259 445 4321 ΙΙ
474 4253 653 4319 31018101.
