3250 5146
335 383 375 446 ns
518 476 520 480 Δ
770 418 813 428 -
861 382 944 463 μαι
993 418 1036 428 -

341 569 393 651 (cf.
411 568 496 634 intra
511 570 528 653 ξ
546 573 574 652 3)
601 571 658 634 lux
673 569 863 648 affunditur3
896 589 980 652 quae
1004 569 1097 634 sicuti
1119 570 1186 645 illa,
1217 590 1237 634 a
1260 569 1375 652 quibus
1398 591 1475 654 pro-

335 671 412 742 fecti
434 690 554 752 sumus,
580 671 644 736 iam
667 672 700 736 in
722 671 896 757 archetypo
918 672 1018 738 fnisse
1040 673 1184 756 putanda
1207 680 1291 738 sunt.

422 791 530 857 Redeo
552 812 637 857 nunc
666 791 709 857 ud
730 793 820 856 illum
845 792 962 873 locum,
995 813 1088 874 quem
1117 793 1224 877 paullo
1248 812 1343 877 supra
1367 793 1474 876 signi-

335 894 430 960 ficavi
453 893 494 962 de
517 915 545 960 c.
571 916 602 959 v,
628 917 660 980 p.
681 897 737 960 nso
766 900 823 959 καί
848 920 907 977 μοι
929 895 1020 960 δοκεῖ
1046 919 1097 971 τις
1120 890 1179 962 οὐκ
1202 889 1245 961 άν
1266 889 1476 980 ἁμαρτάνειν

337 994 474 1074 εἰκάσας
497 991 602 1084 αὐτὴν
624 1005 663 1081 τῇ
675 991 835 1084 Ὁμηρικῇ
845 991 986 1084 Ἀθηνᾷ.
1021 996 1127 1084 ἐκείνη
1152 1022 1187 1062 σε
1203 994 1266 1082 γὰρ
1283 992 1476 1064 τὸνὈόυσ-

337 1104 397 1164 σέα
420 1096 479 1165 τὸν
502 1095 606 1165 αὐτὸν
629 1095 710 1165 ι’)’ντα
735 1094 852 1164 ditiore
878 1095 1014 1166 ἀλλοῖον
1037 1099 1147 1165 ἐποίει
1170 1105 1369 1186 (μαίνεσθαι,
1398 1101 1475 1166 τοτὲ

336 1203 399 1284 μὲν
422 1199 526 1288 ῥυσὸν
547 1204 604 1267 καὶ
627 1200 748 1288 μικρὸν
770 1205 827 1267 καὶ
850 1199 991 1288 αἰσχρὸν
1058 1253 1064 1266 .
1083 1204 1158 1268 τοτὲ
1181 1204 1217 1268 δὲ
1237 1253 1243 1266 .
1262 1253 1293 1266 ..

422 1321 562 1405 μείζονά
584 1317 610 1386 τ’
629 1323 792 1404 εἰσιδέειν,
819 1325 876 1388 καὶ
899 1321 1066 1406 πάσσονα,
1093 1320 1156 1402 κὰδ
1179 1324 1215 1389 δὲ
1239 1321 1397 1410 κάριμσς“

423 1421 524 1502 οὔλας
546 1415 603 1513 ἧκε
626 1425 733 1509 κόμας
753 1477 758 1490 .
776 1476 807 1490 ..

337 1541 419 1633 αὕτη
443 1571 479 1612 τε
500 1541 527 1633 (ἦ
546 1545 714 1630 σύνθεσις)
737 1544 779 1611 τὰ
794 1542 880 1612 αὐτὰ
896 1545 1116 1630 λαμβάνουσα
1133 1541 1285 1629 ὀνόματα
1312 1547 1388 1612 τοτὲ
1411 1548 1475 1629 μὲν

337 1644 476 1736 άμορφα
500 1651 557 1714 καὶ
580 1647 700 1731 πτωχὰ
723 1651 780 1714 καὶ
802 1646 946 1715 ταπεινὰ
966 1662 1060 1714 νιοιεῑ
1075 1654 1265 1736 φαίνεσθαι
1287 1645 1328 1712 τά
1344 1647 1474 1736 νοήμα-

337 1777 392 1835 τα,
427 1753 502 1818 τοτὲ
526 1753 562 1818 δὲ
583 1748 701 1840 ὑψηλὰ
723 1755 780 1817 καὶ
802 1750 950 1819 πλούσια
980 1754 1037 1817 καὶ
1064 1747 1150 1838 άὸρά
1179 1754 1236 1817 καὶ
1258 1751 1354 1817 καλά.
1403 1753 1472 1818 Iam

336 1877 434 1942 supra
449 1857 556 1922 monui
571 1877 682 1922 vocem
703 1850 805 1940 ἁδρός
827 1855 887 1923 hoc
910 1877 972 1922 uno
992 1858 1062 1922 loco
1077 1856 1163 1940 apud
1178 1857 1369 1940 Dionysium
1392 1857 1469 1940 legi.

338 1959 510 2025 Videamus
527 1967 642 2026 cetera.
683 1961 896 2025 Membrorum
919 1961 1158 2045 responsionem
1182 1959 1373 2044 aDionysio
1396 1960 1473 2024 dili-

336 2067 449 2145 genter
471 2063 633 2128 observari
652 2070 774 2128 eertum
790 2069 839 2128 est
860 2063 909 2146 (cf.
929 2083 1011 2146 quae
1033 2063 1118 2127 infra
1142 2063 1220 2146 Cap.
1239 2063 1284 2128 IV
1308 2062 1413 2128 dicam
1431 2064 1473 2128 ad

335 2186 368 2248 p.
387 2168 462 2228 4461
487 2171 519 2230 et
541 2165 583 2230 ad
606 2188 638 2250 p.
656 2169 779 2250 446ιι);
807 2165 870 2231 duo
893 2168 964 2231 oola
987 2187 1028 2232 ex
1046 2166 1145 2252 ternis
1162 2166 1327 2230 commatis
1343 2186 1475 2251 compo-

335 2274 454 2333 nuntur
482 2269 557 2333 τοτὲ
579 2269 642 2350 μὲν
665 2265 769 2354 ῥυσὸν
797 2271 854 2333 καὶ
883 2267 1004 2354 μικρὸν
1032 2270 1088 2332 καὶ
1111 2266 1268 2353 αἰσχρὸν,
1307 2269 1382 2333 τοτὲ
1408 2271 1474 2350 ’μὲν

337 2365 477 2456 άμορφα
500 2371 557 2434 καὶ
579 2368 699 2454 πτωχὰ
726 2373 783 2436 καὶ
805 2369 969 2448 νασεινά;
1005 2373 1132 2437 tertium
1156 2393 1197 2438 ex
1220 2379 1368 2455 quattuor
1394 2393 1473 2438 con-

335 2483 424 2539 stans
448 2475 662 2560 suspicionem
685 2484 799 2542 movet.
841 2475 1068 2554 Quaerendum
1091 2477 1275 2558 igiturest,
1310 2476 1472 2559 quodnam

334 2579 511 2644 membrum
540 2579 682 2663 spurium
706 2579 862 2646 videatur.
909 2580 1074 2646 Structura
1102 2579 1299 2662 singulorum
1330 2587 1473 2645 comma-

335 2687 401 2744 tum
423 2683 531 2766 paullo
555 2682 754 2748 artificiosior
777 2690 844 2748 est:
1430 2762 1432 2766 ¹

391 2778 530 2871 άμοριμα
561 2783 681 2867 πτωχά
712 2783 857 2851 ταπεινά
886 2780 1002 2904 ὑιμηλά
1032 2783 1179 2851 πλούσια
1211 2780 1296 2870 dopo
1327 2784 1414 2850 καλά

334 3024 424 3090 Ultro
440 3025 610 3092 damnatur
625 3048 687 3093 vox
704 3021 800 3111 ἁδρά.
838 3027 992 3092 Conferus
1009 3025 1157 3107 denique,
1184 3025 1224 3091 de
1240 3045 1302 3106 quo
1318 3026 1387 3090 loeo
1405 3026 1471 3092 iam

334 3127 411 3209 dixi,
438 3150 471 3212 p.
492 3134 603 3194 toton
627 3130 719 3194 δοκεῖ
736 3127 774 3217 δή
791 3153 850 3212 μοι
872 3137 938 3194 τιῖιν
959 3129 1023 3211 μὲν
1043 3123 1156 3215 ὑψηλῇ
1180 3129 1237 3192 καὶ
1253 3135 1391 3212 περιττῇ
1415 3130 1472 3192 καὶ

335 3227 560 3314 ἐξηλλαγμένῃ
590 3233 677 3309 λε’ξει
709 3237 922 3318 κεχρημένων
949 3233 1036 3295 nuh:
1075 3231 1110 3296 in
1132 3251 1196 3314 mg.
1229 3229 1266 3296 ἕν
1293 3237 1338 3293 τῶ
1367 3225 1469 3316 άὸριῖι.

334 3331 423 3396 Nihil
445 3331 521 3398 inde
544 3334 661 3398 certius
684 3355 779 3416 quam
802 3335 873 3413 hoe,
900 3354 1012 3400 vooem
1036 3327 1122 3418 άὸρά
1144 3335 1185 3398 ab
1208 3353 1246 3398 eo
1269 3353 1362 3416 quem
1386 3334 1471 3398 nosti

334 3435 459 3500 rhetore
475 3435 636 3501 Plutarchi
653 3436 816 3502 doctrinae
831 3457 930 3520 gnaro
945 3437 988 3502 ad
1005 3431 1122 3523 ὑψηλά
1145 3436 1337 3522 adscriptam
1355 3436 1467 3515 fuisse,

334 3558 393 3602 nec
422 3539 553 3619 mirum,
592 3561 663 3605 cum
698 3541 830 3607 verbum
866 3535 999 3628 ὑψηλός
1028 3541 1073 3606 ibi
1106 3541 1244 3625 primum
1279 3548 1467 3606 occurreret.

334 3641 469 3721 Deinde,
496 3648 531 3707 ut
554 3642 620 3708 fere
635 3643 680 3723 fit,
707 3645 866 3726 particula
888 3648 945 3708 καί
966 3643 1122 3710 arcessita
1143 3643 1177 3707 in
1192 3649 1313 3708 textum
1328 3641 1468 3726 irrepsit.

421 3745 485 3810 Sed
504 3745 569 3809 iam
584 3746 782 3812 redeundum
798 3755 849 3813 est
870 3747 911 3812 ad
933 3768 982 3828 ea,
1009 3767 1093 3829 quae
1115 3766 1213 3829 supra
1229 3745 1343 3812 statui:
1370 3745 1470 3811 fuisse

333 3846 493 3928 quondam
528 3848 684 3932 codicem,
722 3870 784 3932 quo
819 3851 963 3934 exceptis
997 3857 1066 3914 arte
1096 3856 1128 3914 et
1157 3855 1300 3920 veterum
1334 3867 1471 3914 censura

334 3950 454 4034 scripta
477 3950 624 4036 Dionysii
653 3952 810 4018 rhetorica
839 3974 921 4036 quae
950 3953 1079 4036 quidem
1112 3952 1270 4034 hodieque
1299 3959 1472 4035 supersunt

333 4053 441 4118 onmia
463 4053 816 4138 comprehenderentur.
1214 4067 1215 4070 ’
1346 4059 1350 4066 ’

419 4174 569 4240 Veterum
585 4195 732 4258 censura,
760 4175 792 4239 h.
811 4197 839 4242 e.
859 4183 1042 4261 excerptum
1065 4195 1106 4240 ex
1124 4174 1204 4242 libro
1227 4174 1268 4240 de
1290 4173 1471 4240 imitatione

334 4278 484 4358 secundo7
510 4277 594 4360 quod
616 4278 649 4342 in
672 4279 732 4344 hoo
749 4299 865 4364 corpus
887 4285 1017 4363 recepta
1039 4285 1168 4344 nonest
1189 4297 1254 4342 non
1268 4276 1466 4358 mirabimur,
