3224 5140
365 426 424 486 140
796 458 841 468 -
888 422 970 504 [aar]
1018 457 1062 467 -

362 612 562 692 γιγνομένου
583 595 663 693 ἦρος
686 601 790 683 εὐθὺς
814 601 1003 692 ἀρχομένου
1025 603 1189 691 applausor
1212 603 1251 694 aly
1276 606 1308 671 οἱ
1324 606 1496 671 Λακεδαι-

361 708 476 792 μόνιοι
501 711 558 775 καὶ
581 709 612 774 οἱ
635 707 805 791 ξύμμαχοι
828 708 863 784 ἐς
886 708 945 796 τὴν
960 705 1112 796 Ἀττικὴν
1135 709 1308 791 ἐσέβαλον.

448 933 498 998 Ex
520 932 580 1013 his,
607 953 688 1016 quas
710 933 872 1018 proposui,
896 933 1086 1000 lectionibus
1108 932 1191 1000 hacc
1213 933 1411 998 efficiuntur:

447 1054 474 1118 1.
510 1053 685 1137 Dionysius
720 1054 864 1119 eiusdem
893 1053 1088 1120 recensionis
1121 1053 1296 1137 exemplari
1327 1071 1407 1118 usus
1439 1057 1495 1130 cst,

362 1163 457 1239 atque
486 1176 526 1221 ea
555 1156 632 1236 fuit,
666 1177 706 1222 ex
736 1177 799 1240 qua
828 1177 938 1222 omnes
969 1155 1119 1240 deinceps
1148 1155 1347 1240 Thucydidis
1375 1155 1499 1221 codices

362 1257 534 1324 fluxerunt.
582 1259 666 1323 Nam
690 1267 722 1324 et
744 1280 817 1324 cum
839 1259 1123 1343 praestantissimis
1139 1258 1301 1324 codicibus
1317 1259 1375 1324 Bc
1392 1279 1500 1324 exem-

362 1362 435 1446 plar
457 1361 616 1427 consentit
638 1368 670 1426 et
692 1381 775 1443 quac
798 1361 935 1446 singulis
958 1368 1080 1427 tantum
1103 1361 1220 1427 nostris
1243 1360 1410 1427 codicibus
1428 1381 1499 1428 vere

363 1463 541 1545 traduntur,
567 1470 653 1529 rectc
676 1465 828 1536 serravit.

448 1567 492 1632 11.
518 1567 600 1632 Huic
622 1567 802 1632 recensioni
824 1567 963 1632 maxime
987 1566 1093 1632 affinis
1117 1573 1167 1632 est
1189 1566 1291 1632 codex
1310 1567 1502 1632 Laurentia-

363 1689 439 1749 nus;
465 1691 525 1754 per
544 1670 660 1736 librum
685 1669 769 1735 enim
791 1670 929 1754 primum
953 1677 985 1734 ct
1008 1669 1183 1734 secundum
1199 1669 1265 1733 XX
1287 1669 1368 1734 locis
1392 1689 1501 1735 exem·

363 1774 435 1857 plar
457 1793 529 1839 cum
551 1793 590 1839 co
612 1773 785 1855 consentit,
818 1773 901 1837 inter
922 1792 1001 1855 quos
1023 1792 1133 1837 voram
1156 1772 1325 1838 lectionem
1349 1772 1501 1838 exhibent

364 1877 461 1954 XllI;
499 1896 571 1940 cum
603 1875 758 1941 Vaticano
788 1895 847 1959 per
877 1874 1005 1940 eosdem
1034 1875 1133 1940 libros
1162 1875 1239 1940 VIII
1269 1882 1395 1940 tantum
1425 1875 1500 1941 locis

364 1977 520 2062 congruit,
546 1997 680 2061 quorum
703 1977 748 2042 IV
770 1983 856 2043 recte
879 1979 1039 2060 leguntur.

450 2081 516 2145 111.-
536 2080 617 2146 Inde
640 2081 743 2146 codex
766 2080 1001 2145 Laurentianus
1023 2080 1232 2163 insigniorem
1255 2081 1353 2146 etiam
1379 2101 1419 2146 ea
1442 2100 1500 2162 qua

363 2184 478 2250 fruitur
498 2183 721 2250 auctoritatem
743 2182 947 2260 nanciscitur,
967 2183 1101 2264 viceque
1116 2202 1211 2248 versa
1226 2183 1375 2268 Dionysii
1393 2203 1500 2248 exem-

364 2288 436 2372 plar
457 2287 567 2370 paullo
589 2286 741 2351 maiorem
764 2285 861 2350 fidem
883 2306 978 2368 quam
1002 2286 1032 2350 ei
1059 2285 1163 2352 adhuc
1185 2285 1246 2350 viri
1273 2285 1359 2351 docti
1381 2286 1500 2351 tribue-

364 2395 439 2454 runt
461 2389 523 2454 sibi
544 2388 697 2453 vindicat.

451 2491 506 2555 IV.
531 2491 707 2574 Exemplar
730 2490 790 2555 fuit
811 2509 852 2580 ex
874 2490 924 2569 iis,
951 2491 1065 2574 quihus
1082 2491 1281 2573 grammatici
1297 2491 1500 2578 rhetoresquc

365 2595 545 2660 utebantur.
592 2592 682 2658 Idem
704 2593 783 2658 vitia
805 2601 870 2658 tarn
894 2613 965 2658 cum
988 2593 1135 2662 omnibus
1158 2593 1357 2678 Thucydidis
1385 2598 1500 2664 codici-

365 2698 425 2762 bus
448 2718 544 2780 quam
567 2716 638 2761 cum
662 2694 798 2779 singulis
821 2696 1001 2761 communia
1023 2695 1130 2762 habet.

783 2953 872 3019 Pars
894 2953 1082 3037 posterior.

435 3074 593 3155 ‚Alterius
617 3075 717 3158 partis
741 3094 865 3139 summa
887 3073 968 3139 haec
991 3082 1054 3156 cst,
1082 3080 1117 3139 ut
1139 3073 1315 3156 videamus,
1343 3098 1500 3160 quaenam

366 3177 516 3262 Dionysii
539 3178 705 3262 exemplar
728 3184 838 3242 contra
852 3176 1051 3261 Thucydidis
1070 3177 1194 3242 codices
1214 3179 1343 3262 propria
1366 3179 1497 3262 haheat;

366 3281 409 3346 ad
424 3301 519 3364 quam
535 3281 756 3364 quaestionem
771 3281 957 3366 priusquam
973 3279 1126 3346 accedere
1142 3281 1314 3365 possimus,
1339 3286 1501 3369 exemplar

367 3382 601 3466 quodammodo
623 3383 857 3448 restituendum
880 3391 940 3448 est.
987 3383 1070 3446 Nam
1093 3402 1175 3465 quae
1197 3383 1231 3447 in
1246 3383 1394 3468 Dionysii
1416 3387 1502 3451 codi-
1599 3421 1600 3436 ν

367 3486 456 3551 cibus
479 3485 640 3568 leguntur,
667 3493 722 3551 aut
741 3484 890 3570 Dionysii
913 3485 1090 3569 exemplari
1112 3493 1168 3550 aut
1189 3485 1254 3570 ipsi
1270 3485 1427 3572 Dionysio
1449 3497 1504 3554 aut
1599 3459 1600 3545 l

368 3587 481 3654 scribis
509 3587 681 3666 debentur3
716 3588 758 3652 ad
781 3588 971 3671 Dionysium
1002 3588 1212 3670 librariosque
1242 3609 1325 3671 quae
1353 3590 1499 3672 redeunt,

324 3705 327 3714 ’
368 3690 396 3756 si
418 3695 571 3773 quantum
594 3710 665 3755 cum
688 3689 914 3773 probabilitate
930 3689 999 3754 lieri
1014 3690 1152 3773 potuerit
1172 3691 1407 3774 sustulerimus,
1428 3694 1503 3760 reli-

368 3813 432 3876 qua
454 3793 619 3876 exemplar
642 3792 708 3858 fere
732 3792 909 3876 exprimere
932 3793 1127 3876 putabimus.
1316 3776 1319 3782 ’

920 3981 947 4044 Ι.

455 4101 611 4186 Dionysio
635 4119 716 4183 quae
740 4099 836 4164 tribui
859 4100 991 4183 possint,
1019 4109 1053 4166 ut
1075 4121 1316 4184 cognoscamus,
1342 4103 1426 4170 duae
1442 4125 1502 4189 pa·

371 4211 440 4273 tent
461 4205 550 4280 viae;
577 4204 680 4269 altera
703 4221 771 4267 mos
795 4208 844 4268 cst
866 4203 935 4268 eius
959 4202 1091 4283 citandi,
1117 4204 1218 4270 altera
1241 4223 1349 4270 corum
1372 4225 1503 4290 operum

370 4307 524 4389 condicio,
550 4305 720 4389 inquibus
744 4303 943 4389 Thucydidis
965 4305 1028 4370 loci
1050 4306 1209 4389 leguntur.
1596 4295 1597 4308 ¹
