3182 5136
299 305 362 367 noo
730 337 773 346 -
821 301 904 383 [aar]
950 333 1002 346 --

298 491 475 576 λέγεσθαι,
507 486 551 575 μὴ
582 492 742 574 μετρίως,
776 493 909 574 μορίοις
941 482 1056 564 άλλοις
1083 485 1248 564 τοιούτοις
1277 485 1422 574 τρόποις

299 594 404 674 „Isaci
436 593 634 658 narrationes
666 599 795 678 praeter
827 592 892 657 alia
927 591 1062 658 artificia
1091 591 1171 658 haec
1198 612 1323 676 quoque
1357 613 1436 678 pro-

297 697 369 782 pria
383 697 512 775 habent,
538 695 623 778 quod
645 714 696 761 res
719 701 830 778 gestae
851 715 915 760 non
938 694 1112 760 secundum
1135 701 1320 781 temporum*
1335 697 1439 762 ratio-

298 821 372 866 nem
394 799 605 884 proferuntur,
639 798 724 884 quod
753 819 818 864 non
847 799 954 864 omnia
983 798 1132 864 dicuntur
1159 818 1262 882 neque
1288 819 1437 883 eaquae

298 905 473 970 afferuntur
494 903 540 968 ita
561 902 817 988 pronuntiantur,
844 907 880 966 ut
901 908 1017 967 natura
1039 901 1112 984 fert,
1138 889 1197 967 nec
1219 901 1274 983 ita,
1309 908 1345 967 ut
1367 903 1437 988 pri-

297 1014 391 1073 vatus
424 1007 518 1072 homo
551 1006 640 1089 loqui
669 1007 784 1072 solet.“
831 1005 937 1072 Verba
966 1004 1041 1070 inde
1064 1026 1085 1070 a
1107 1005 1213 1071 verbis
1242 1011 1290 1090 τῷ
1316 999 1360 1082 ὡς
1388 1005 1436 1094 μὴ

298 1107 412 1176 πάντα
435 1109 567 1176 mirifice
589 1109 717 1176 turbata
739 1129 852 1174 sanam
868 1107 1132 1174 constructionem
1153 1116 1322 1193 respuunt.
1364 1111 1438 1176 Pri-

298 1235 385 1279 mum
414 1213 475 1279 hoo
502 1212 669 1278 verissime
698 1211 850 1280 Reiskius
880 1212 1040 1278 intellexit
1071 1211 1106 1276 in
1139 1211 1299 1299 μηδαμῶς
1334 1213 1437 1280 latere

298 1311 378 1404 μηδ’
398 1311 439 1381 ἂν
461 1309 514 1396 ὡς,
541 1334 734 1398 quamquam
756 1335 796 1381 ea
817 1316 916 1381 verba
932 1321 963 1380 et
984 1314 1057 1400 ipsa
1072 1315 1247 1400 depravata
1262 1321 1349 1380 sunt
1396 1318 1437 1382 In

298 1422 404 1505 priore
427 1420 495 1484 colo
518 1424 564 1502 τῷ
587 1411 630 1494 ώς
652 1415 696 1504 μὴ
720 1415 834 1483 πάντα
856 1418 1015 1502 particula
1038 1411 1081 1494 ὡς
1104 1417 1181 1484 ferri
1202 1418 1325 1504 nequit,
1362 1440 1434 1484 cum

297 1522 471 1609 praecedat
493 1528 546 1606 τῷ
567 1515 615 1608 μὴ
639 1518 725 1584 κατὰ
747 1519 834 1596 τοὺς1
848 1517 991 1607 χρόνους
1017 1570 1045 1584 ..
1072 1519 1249 1608 είρῆσθαι;
1276 1521 1311 1586 in
1333 1523 1435 1588 altero

299 1627 440 1693 membro
462 1625 620 1712 particula
643 1620 685 1689 άν
711 1624 794 1708 lalso
824 1625 968 1691 additur:
1000 1644 1084 1706 quac
1106 1625 1205 1690 verba
1233 1625 1436 1710 nescioquo

299 1729 393 1796 modo
416 1749 456 1794 cx
479 1727 685 1812 sequentibus
712 1720 793 1814 μηδ’
818 1720 866 1803 ώς
895 1720 943 1792 du
965 1724 1098 1813 ἰδιώτης
1121 1725 1275 1810 originem
1301 1727 1437 1796 duxisse

299 1834 377 1898 mihi
397 1833 556 1912 videntur,
583 1852 653 1897 cum
675 1831 864 1916 praesertim
888 1829 999 1896 eodem
1015 1829 1126 1896 ordine
1149 1830 1276 1896 adiecta
1297 1831 1363 1897 sint
1384 1827 1437 1916 (ὡς

299 1974 342 1986 -
365 1931 430 2021 ἄν).
478 1936 567 2001 Haec
593 1936 622 2002 si
644 1933 827 2017 sustulerit,
861 1936 960 2020 plana
990 1933 1140 2018 procedet
1169 1935 1280 2000 oratio.
1329 1935 1436 2001 Unum

299 2039 411 2104 vitium
427 2045 535 2104 restat.
578 2038 768 2123 Sylburgius
783 2038 852 2102 iure
868 2031 901 2102 in
916 2038 1022 2103 verbis
1045 2035 1089 2126 μη
1106 2043 1249 2124 μετρίως
1268 2039 1435 2107 offendens

299 2144 384 2208 hunc
405 2143 440 2206 in
462 2141 591 2207 modum
614 2143 792 2207 sententiae
808 2161 846 2206 ea
861 2141 1101 2206 accommodat:
1127 2135 1206 2228 μηδ’
1226 2135 1269 2218 ὡς
1286 2137 1329 2208 ἂν
1345 2141 1437 2208 ἰδιώ-

300 2270 358 2333 της
381 2269 430 2322 τις
447 2244 548 2328 ε’ίποι,
576 2245 739 2330 λέγεσθαι
760 2247 921 2330 μετρίως,
955 2245 1012 2308 καὶ
1026 2249 1160 2332 μορίοις
1183 2241 1297 2322 άλλοις
1324 2246 1436 2313 τοιού-

224 2355 232 2362 “
299 2375 370 2426 τοις
399 2347 552 2436 τρόποις.
600 2349 664 2414 Sed
692 2350 777 2414 male
806 2351 905 2414 verba
933 2355 1113 2433 mutantur,
1152 2370 1223 2414 cum
1250 2349 1285 2414 id
1312 2351 1431 2436 ipsum,

299 2453 384 2537 quod
411 2452 568 2518 vocabula
601 2448 644 2537 μὴ
676 2455 819 2537 μετρίως
851 2437 886 2517 in
919 2452 1186 2518 constructionem
1218 2453 1307 2518 nullo
1342 2455 1434 2522 modo

299 2554 468 2638 quadrant,
495 2554 555 2619 loci
574 2552 709 2619 sanandi
732 2574 846 2619 ansam
868 2556 1034 2640 praebeat.
1082 2555 1188 2620 Verba
1209 2553 1253 2642 μὴ
1276 2561 1431 2643 μετρίως,

300 2658 417 2742 quippo
440 2677 523 2741 quae
538 2655 743 2722 manifestum
758 2656 1074 2741 interpretamentum
1093 2657 1157 2723 sint
1171 2659 1328 2724 enuntiati
1352 2659 1417 2747 μηδ
1423 2654 1432 2680 ’

300 2755 343 2837 ὡς
366 2755 408 2826 ἂν
431 2759 562 2847 ἰδιώτης
585 2783 635 2836 τις
658 2759 759 2842 εἴποι,
787 2780 838 2826 me
854 2759 983 2844 quidem
1005 2761 1111 2827 iudice
1131 2761 1324 2846 expellenda
1347 2770 1430 2830 sunt.

298 2866 414 2930 Totum
442 2864 540 2948 igitur
567 2864 608 2930 de
631 2869 693 2946 quo
716 2863 823 2947 agitur
852 2865 956 2929 locum
985 2863 1031 2929 ita
1053 2865 1268 2930 restituerim:
1303 2853 1433 2944 πολλὰς

300 2963 333 3033 δ’
360 2962 401 3034 άν
431 2967 542 3050 ἐ’χοιμι
570 2968 627 3032 καὶ
661 2963 764 3044 άλλας
797 2971 1042 3052 παρασχέσθαι
1075 2964 1242 3054 διηγήσεις
1276 2965 1365 3055 πρὸς
1396 2967 1431 3035 τὸ

300 3076 474 3157 συμφέρον
504 3065 762 3158 ᾠκονομημένας
790 3065 859 3137 άπὸ
892 3077 953 3136 τοῦ
984 3068 1125 3159 ῥήτορος
1151 3121 1215 3136 ...
1241 3079 1288 3158 τῷ
1310 3070 1353 3138 τὰ
1380 3098 1433 3140 κε-

301 3173 431 3261 φάλαια
455 3168 708 3260 ἀνεστράφθαι,
743 3181 789 3258 τῷ
820 3171 864 3262 μὴ
896 3171 982 3238 κατὰ
1005 3171 1083 3250 τοὺς
1113 3171 1256 3261 χρόνους
1280 3173 1322 3239 τὰ
1345 3163 1453 3262 πραὲ

299 3283 428 3361 χθέντα
451 3276 627 3364 εἰρῆσθαι,
665 3283 712 3361 τῷ
737 3270 802 3362 [ὡς]
831 3276 875 3365 μὴ
899 3274 1029 3360 πάντα,
1063 3271 1143 3365 μηδ’
1166 3271 1228 3362 [ἂν]
1256 3271 1299 3355 ὡς
1330 3277 1433 3368 φύσιν

301 3375 368 3463 εἶχε
385 3385 594 3467 πραχθῆναι,
621 3373 702 3466 μηδ’
721 3373 764 3455 ὡς
788 3373 829 3446 ἂν
845 3377 977 3466 ἰδιώτης
1005 3403 1054 3456 τις
1078 3379 1171 3446 ε’ίποι
1192 3382 1357 3466 λέγεσθαι
1380 3381 1432 3470 [μὴ

301 3485 467 3568 μετρίωςλ,
494 3486 627 3568 μυρίοις
648 3476 761 3558 ἄλλοις
784 3480 949 3559 τοιούτοις
971 3479 1122 3567 τρόποις.
1490 3487 1496 3502 ’

386 3623 419 3686 p.
438 3605 559 3666 61510ss
581 3601 627 3666 ita
648 3603 739 3685 lego:
764 3595 846 3686 Ἐρῶ
861 3601 897 3666 δὲ
920 3603 977 3666 καὶ
992 3603 1234 3689 κεφαλαιωδῶς
1257 3604 1338 3690 περὶ
1354 3601 1434 3670 ταύ-

300 3699 364 3792 της
381 3712 438 3790 της
463 3703 554 3780 ἰδέας
576 3703 617 3790 ἣν
640 3701 704 3789 ἐγὼ
726 3701 830 3784 δόξαν
853 3703 916 3787 ἔχω
940 3706 997 3770 καί
1028 3710 1095 3772 τίνι
1117 3705 1293 3794 διαφέρειν
1319 3707 1434 3791 α’ίομαι

300 3807 360 3876 τὸν
377 3803 503 3874 Ἰσαῖον
524 3814 585 3872 τοῦ
606 3812 753 3873 Λυσίου.
793 3815 855 3874 τοῦ
868 3813 1005 3874 Λνσίοιι
1026 3809 1089 3892 μὲν
1111 3807 1157 3898 δή
1182 3804 1235 3894 [άν
1250 3805 1356 3895 codd]
1384 3835 1432 3888 τις

301 3906 539 3996 ἀναγινώσκων
561 3907 620 3986 τὰς
644 3907 811 3997 διηγήσεις
834 3904 932 3978 οὐδὲν
956 3906 998 3978 ἂν
1022 3905 1241 3995 ὑπολάβοι
1266 3907 1431 3999 [ὑπολάβῃ

301 4015 433 4100 codd.]¹)
462 4015 624 4099 λέγεσθαι
645 4013 731 4078 κατά
752 4019 872 4103 τέχνην
893 4009 1107 4103 ἢπονηρίαν,
1136 4010 1273 4094 ἀλλ’ὡς
1294 4012 1432 4105 ἡφύσις

371 4224 389 4287 ¹)
409 4223 452 4278 le
471 4221 582 4276 diverso
600 4239 627 4292 p.
643 4222 725 4274 oltra
746 4221 850 4276 scribas
868 4219 919 4276 ἐὰν
940 4262 944 4272 .
963 4261 990 4274 ..
1011 4219 1067 4292 ἴδη
1090 4221 1155 4289 [ἴδοι
1174 4223 1249 4289 FRl.

348 4880 670 5082 r
