3182 5136
341 381 403 442 11ο
774 415 817 423 -
864 378 947 460 [1111
996 413 1038 424 -

341 586 499 634 consonas
522 563 647 631 duobus
669 565 810 631 tribusve
838 565 919 631 loeis
947 565 1166 645 inueniuntur,
1199 585 1282 648 quae
1310 565 1474 632 concinni·
1572 578 1576 596 ·

339 677 438 738 tatem
460 689 532 735 eum
554 669 669 735 vicinis
691 689 753 734 non
778 671 956 735 observent.
1228 659 1230 676 '
1567 596 1576 753 λ

426 813 459 877 p.
480 795 606 856 1093111
632 797 707 856 Τῶν
730 789 766 854 δὲ
789 785 960 876 περιόδων
975 787 1011 853 αἱ
1026 793 1089 871 μέν
1104 787 1191 854 εἰσιν
1206 782 1415 877 εὐκόρυφοι.
1440 841 1445 853 .
1467 841 1472 851 .
1571 866 1575 879 .

341 894 376 960 αἱ
399 895 435 960 δέ
457 889 601 962 ῦπτιαι.
625 944 631 956 .
654 943 660 956 .
685 890 783 981 μήκει
805 917 840 958 τε
864 891 899 957 αἱ
922 893 985 976 μὲν
999 890 1160 969 θάττους,
1187 887 1270 958 ὥστε
1288 916 1477 981 συμμετρη-
1571 900 1575 979 ἠ

339 1003 446 1086 θῆναι
468 996 556 1084 πρὸς
579 991 701 1084 άνδρδς
724 1004 869 1079 πνεῦμα,
897 995 932 1061 αἱ
955 996 991 1062 δέ
1014 998 1130 1081 πολλῷ
1152 995 1299 1079 μείζους,
1327 994 1399 1062 οίαι
1422 999 1476 1062 καὶ

339 1106 438 1188 μέχρι
467 1108 525 1188 της
554 1098 713 1188 τετάρτης
742 1095 968 1177 άναπαῦσεως
996 1102 1233 1185 προελθοῦσαι
1262 1098 1337 1165 τότε
1364 1099 1480 1188 λήγειν

244 1245 247 1252 =
339 1204 388 1281 εἰς
410 1209 529 1290 πέρας.
576 1205 684 1270 Verba
714 1202 749 1266 αἱ
772 1203 834 1286 μέν
856 1201 1006 1279 θάττους
1035 1203 1100 1268 illis
1131 1201 1167 1266 αἱ
1190 1202 1226 1267 δὲ
1257 1204 1374 1287 πολλῷ
1403 1209 1479 1285 μεί-

340 1307 418 1388 ζους
451 1308 599 1393 opposita
628 1326 701 1373 esse
734 1307 807 1391 ipsa
839 1313 999 1372 structura
1030 1306 1163 1372 indicat.
1218 1306 1284 1372 Sed
1316 1306 1480 1372 adieetiva

339 1432 405 1477 non
425 1411 569 1477 eiusdem
592 1410 736 1494 generis,
770 1431 846 1494 ergo
876 1430 917 1475 ne
947 1409 1107 1475 contraria
1134 1409 1264 1492 quidem
1295 1417 1378 1476 sunt.
1430 1412 1479 1476 'Iu
1575 1415 1576 1446 ί

339 1521 432 1582 vetus
465 1514 578 1580 vitium
615 1515 729 1579 tollas:
780 1515 1005 1579 &ATTOYC
1039 1534 1080 1579 ex
1115 1515 1374 1580 GAATTOYC
1407 1534 1480 1580 eor-

340 1625 469 1703 ruptum
492 1624 555 1684 est:
590 1614 689 1705 μήκει
711 1641 745 1682 τε
769 1615 804 1682 αἱ
833 1617 895 1699 μέν
922 1613 1127 1692 ἐλάττους
1152 1665 1159 1680 .
1180 1665 1216 1680 ..
1244 1615 1278 1680 αἱ
1302 1616 1339 1682 δὲ
1361 1618 1481 1701 πολλῷ

340 1720 486 1804 μείζους.

428 1864 461 1927 p.
482 1845 624 1906 10951111
649 1835 735 1926 Ὁριῖι
757 1837 820 1924 γὰρ
844 1834 956 1920 αὐτὸν,
991 1838 1023 1904 εἲ
1050 1863 1133 1905 ποτε
1164 1837 1265 1922 λάβοι
1293 1837 1481 1925 πράγματα

342 1949 560 2031 χαριεστέρας
583 1941 727 2027 δεόμενα
750 1951 970 2030 κατασκευῆς,
998 1940 1230 2030 πανηγυρικήν
1253 1937 1368 2019 αῦτοῑς
1393 1938 1483 2009 ἁπο-

342 2045 478 2114 διδόντα
502 2055 560 2136 τῆς
582 2048 703 2127 λέξειας
725 2041 900 2133 ἁρμονίαν,
928 2040 971 2123 ὡς
988 2045 1024 2112 ἐν
1039 2054 1085 2131 τῷ
1100 2043 1186 2110 κατὰ
1200 2044 1482 2133 Ἀριστοκράτους

343 2156 510 2238 πεποίηκε
533 2148 637 2236 λόγῳ,
665 2152 819 2233 πολλαχῇ
848 2150 911 2233 μὲν
939 2151 997 2214 καὶ
1020 2144 1120 2236 άλλη,
1147 2146 1293 2232 μάλιστα
1317 2144 1351 2214 δ’
1370 2148 1408 2215 έν
1432 2149 1482 2227 οίς

343 2253 403 2322 τὸν
433 2257 512 2341 περὶ
546 2262 612 2320 τιῦν
639 2252 755 2337 νόμιον
784 2248 974 2324 ἀποδίδωσι
1002 2251 1103 2338 λόγον
1128 2303 1135 2316 .
1157 2304 1192 2318 ..
1225 2247 1289 2319 κάν
1319 2261 1365 2338 τῷ
1396 2253 1483 2319 κατὰ

342 2363 521 2423 Λεπτίνου
543 2358 623 2442 περὶ
646 2365 703 2444 τῆς
727 2350 879 2433 ἀτελείας
901 2353 988 2421 κατὰ
1010 2353 1122 2421 πολλὰ
1144 2361 1246 2444 μέρη,
1273 2354 1423 2439 μάλιστα
1448 2353 1479 2424 δ’

343 2460 379 2527 ἒν
401 2474 473 2537 τοῖς
496 2459 672 2545 ἐγκωμίοις
695 2467 760 2524 τιῦν
783 2453 964 2545 εὐεργετῶν
986 2466 1044 2547 τῆς
1066 2456 1211 2536 πόλεως.
1254 2461 1304 2524 Ex
1326 2462 1481 2544 analogia
1579 2453 1580 2466 ¹

344 2566 514 2631 verborum
537 2564 691 2648 πολλαχῇ
714 2562 777 2645 μὲν
792 2563 852 2647 καὶ,
865 2557 958 2648 άλλη,
985 2560 1131 2645 μάλιστα
1155 2556 1184 2628 δ’
1203 2564 1272 2627 κτλ.
1298 2563 1373 2647 lego
1396 2564 1483 2628 κατά

342 2666 454 2734 πολλὰ
476 2667 569 2755 (μέν
598 2667 669 2732 καί
698 2661 818 2754 ἄλλα)
845 2670 947 2754 μέρη,
979 2663 1127 2750 μάλιστα
1156 2660 1186 2732 δ’
1206 2664 1242 2732 έν
1272 2679 1343 2742 τοῖς
1375 2666 1480 2752 έγκω-

340 2777 431 2855 μίοις
453 2773 522 2836 κτλ.

428 2914 461 2977 p.
487 2895 611 2958 1096111
637 2887 707 2967 Τὰς
729 2887 897 2977 διηγήσεις
919 2902 1014 2955 ποιεῖ
1035 2887 1073 2954 τὸ
1096 2891 1217 2956 πλεῖον
1247 2888 1391 2972 έχοάσας
1421 2898 1481 2956 τοῦ

344 3002 468 3079 σεμνοῦ
490 2993 527 3059 τὸ
550 2988 624 3082 ήδῦ.
670 2994 847 3064 Articulum
871 2989 908 3058 τὸ
938 3001 1014 3060 unte
1040 2995 1160 3059 πλεῖον
1188 3014 1357 3079 perperam
1388 2994 1477 3060 illum

343 3099 470 3182 quidem
502 3098 729 3182 interpolatum
762 3098 875 3168 tollas:
914 3095 955 3162 ef.
987 3119 1020 3182 p.
1050 3099 1141 3162 89611
1168 3089 1187 3184 ή
1219 3099 1325 3163 πλέον
1354 3095 1479 3178 ’έχουσα

342 3210 402 3268 τοῦ
424 3208 577 3284 τεχνικοῦ
599 3197 636 3265 τὸ
661 3197 818 3287 φυσικόν.

429 3363 461 3426 p.
490 3344 614 3404 1100111
648 3335 818 3424 Δεύτερον
848 3334 887 3425 δή
916 3335 1104 3424 κεφάλαιον
1136 3326 1177 3425 ἦν
1210 3336 1379 3417 ἐπιδεῖξαι
1412 3344 1477 3404 τίσι

342 3441 543 3531 θεωρήμασι
564 3439 734 3528 χρώμενος
756 3441 813 3504 καὶ
832 3437 888 3506 διὰ
903 3445 1007 3517 ποίας
1023 3435 1194 3528 άσκήσεως
1216 3441 1401 3526 προελθὼν
1420 3446 1474 3524 (ss.

342 3548 577 3634 Δημοσθένης)
602 3541 639 3611 τὸ
655 3542 836 3631 κράτιστον
857 3549 958 3630 μέρος
979 3543 1078 3626 έλαβε
1102 3551 1159 3632 τής
1182 3546 1242 3610 lae.
1265 3549 1396 3608 10-12
1413 3547 1471 3610 litt.

343 3645 517 3736 ἁρμονίας.
565 3651 653 3732 Lego
684 3646 722 3713 τὸ
754 3644 933 3733 κράτιστον
961 3652 1063 3733 μέρος
1097 3647 1196 3729 ἔλαβε
1231 3655 1288 3734 της
1311 3646 1448 3736 (μικτή
1459 3673 1477 3724 ς

343 3754 412 3818 καί
441 3752 583 3841 μέσης)
607 3741 788 3836 ἁρμονίας,
823 3751 865 3815 el.
890 3772 922 3834 p.
945 3755 1041 3816 10671
1072 3750 1104 3816 ολ
1134 3751 1170 3816 δέ
1201 3756 1386 3829 συνθέντες
1413 3746 1473 3838 ἀφ’

342 3856 502 3941 ἑκατέρας
524 3852 566 3918 τά
588 3851 825 3941 χρησιμώτατα
854 3850 914 3941 τήν
935 3852 1056 3941 μικτήν
1085 3855 1142 3918 καὶ
1169 3860 1275 3941 μέσην
1304 3853 1477 3942 ἐζήλωσαν

343 3954 484 4046 ἀγωγήν,
529 3960 639 4023 108711
670 3953 730 4043 τήν
758 3959 865 4043 μέσην
886 3980 921 4022 τε
944 3957 1001 4021 καὶ
1023 3955 1144 4044 μικτήν
1167 3952 1334 4042 ἁρμονίαν
1357 3955 1476 4044 ἐπετή-

342 4063 460 4128 δευσεν
482 4055 499 4125 δ
523 4063 760 4148 Δημοσθένης.

428 4204 460 4267 p.
481 4185 606 4246 1102rss
632 4183 718 4264 Φέρε
741 4172 814 4265 γάρ,
842 4179 873 4244 εί
893 4203 943 4255 τις
967 4172 1069 4263 ᾠδαῖς
1084 4175 1104 4267 ή
1120 4179 1307 4263 κρούμασιν
1323 4174 1474 4265 ὀργάνων

343 4283 380 4350 τὸ
404 4283 583 4350 κάλλιστον
606 4281 754 4358 ἐντείνας
776 4284 877 4365 μέλος
901 4282 1037 4367 ῥυθμοῦ
1058 4283 1185 4369 μηδένα
1207 4291 1344 4370 ποιῆται
1362 4281 1468 4366 λόγον,

269 4791 947 5100 [381
