3182 5136
584 355 628 368 .-
676 321 760 404 [aas]
807 355 847 366 -
1225 323 1284 384 nn

144 504 227 576 ἔσθ’
247 504 344 586 ὅπως
367 503 410 575 άν
430 531 482 585 τις
504 501 687 590 ἀνάσχοιτο
709 513 769 596 τῆς
790 503 949 595 τοιαύτης
969 513 1149 593 provocarim
1182 509 1215 570 τί
1237 505 1284 586 δὲ,

145 613 176 679 εἰ
199 610 332 679 τούτων
354 612 417 696 μέν
440 606 644 698 ἀμφοτέρων
664 614 876 698 προνοηθείη
892 614 1047 696 μετρίως,
1073 613 1172 694 μένοι
1186 603 1215 676 δ’
1231 607 1290 675 snt

145 724 204 804 τῆς
227 710 332 802 αὐτῆς
354 714 523 800 μελῳδίας
546 715 603 779 καὶ
625 721 691 781 τῶν
713 708 824 780 αὐτῶν
847 713 990 800 ῥυθμῶν
1012 705 1112 780 οὐδὲν
1133 707 1175 779 ἂν
1190 711 1289 792 έξαλ-

145 816 280 885 λάττων
296 812 374 884 οὐδὲ
389 817 592 896 ποικίλλων;
619 803 674 903 άρ’
690 810 752 900 οὐχ
768 809 848 882 ὅλον
862 815 1065 903 διαφθείροι
1079 812 1117 880 τὸ
1133 809 1284 900 άγαθάν;

146 924 208 988 Pro
230 928 374 1008 ποιῆται
399 922 473 1004 lego
502 916 747 1006 ποιήσαιτο.
793 919 956 985 Particula
984 913 1026 986 άν
1053 927 1090 985 ut
1117 940 1287 1005 perperam

145 1045 218 1090 cum
251 1023 433 1108 participiis
467 1019 679 1102 ἐξαλλάττων
711 1029 744 1088 et
774 1022 961 1087 ποικίλλων
989 1022 1208 1107 coniungitur,
1242 1022 1289 1087 ita

146 1127 233 1194 omni
267 1127 363 1192 modo
391 1125 425 1192 in
455 1125 588 1210 epodosi
617 1125 829 1191 condicionali
858 1123 1069 1191 desideratur.
1117 1125 1289 1191 Praeterea

74 1243 77 1254 “
145 1230 407 1314 interrogationis
430 1230 555 1313 signum
571 1231 655 1296 male
670 1227 799 1294 additur
821 1229 1107 1314 postfoetantes,
1133 1227 1289 1294 omittitur

144 1339 219 1420 post
242 1337 275 1397 τί
291 1332 340 1398 δέ.
386 1331 529 1398 Alteram
552 1331 649 1415 igitur
670 1330 837 1416 periodum
859 1333 906 1398 ita
927 1331 1143 1398 exhibuerim:
1173 1335 1215 1396 Τί
1231 1332 1285 1412 δέ;

146 1435 177 1502 εἰ
205 1433 338 1504 τούτων
365 1435 429 1518 μὲν
457 1430 661 1521 ἀμφοτέρων
690 1439 902 1522 προνοηθείη
931 1439 1090 1521 μετρίως,
1124 1439 1222 1517 μένοι
1251 1427 1286 1500 δ’

145 1538 204 1604 έπὶ
226 1543 287 1626 τῆς
309 1532 412 1625 αὐτῆς
434 1537 602 1622 μελῳδίας
624 1537 770 1604 καὶτῶν
793 1531 903 1604 αὐτῶν
918 1537 1061 1624 ῥυθμῶν
1076 1531 1175 1604 οὐδὲν
1191 1536 1288 1617 ἐξαλ-

148 1639 281 1707 λάττων
310 1635 388 1706 οὐδὲ
418 1641 614 1723 ποικίλλων,
647 1630 704 1726 ἆρ’
724 1633 785 1722 οὐχ
809 1634 889 1706 ὅλον
915 1634 991 1728 (do)
1016 1639 1219 1726 διαφθείροι
1247 1635 1285 1704 τδ

146 1739 299 1830 άγαθόν;

233 1869 267 1934 p.
290 1850 402 1913 110710
427 1842 577 1928 Ταχεῖάν
598 1869 633 1912 τε
656 1843 750 1912 πάνυ
771 1844 834 1933 τὴν
854 1853 978 1931 γνῶσιν
992 1843 1139 1933 λήψεται
1153 1845 1210 1910 καί
1226 1836 1286 1911 οὔκ

148 1950 219 2016 ἐπι
241 1951 304 2016 lac.
325 1947 420 2015 3litt.
447 1971 565 2015 σεται
586 1959 660 2026 ταῖς
684 1943 861 2036 ὁμοιότησι
875 1949 924 2014 M:
953 1947 1108 2014 ίπίσεται
1123 1950 1160 2014 R.
1209 1949 1286 2034 Syl-

146 2053 280 2137 burgius
310 2059 343 2118 et
371 2053 522 2118 Reiskius
552 2072 623 2118 cum
653 2072 711 2138 pro
740 2053 898 2137 corruptis
927 2047 988 2118 οὐκ
1019 2051 1174 2117 ίπίσεται
1206 2053 1288 2119 scri-

145 2155 287 2222 bendum
317 2161 532 2240 proponerent
560 2154 612 2220 hic
642 2149 755 2221 οὐκέτι
781 2153 1015 2242 παισθήσεται
1043 2157 1096 2221 vel
1126 2150 1185 2221 οὐκ
1210 2154 1286 2221 έπι-

146 2265 318 2340 πείσεται,
347 2258 404 2324 ille
435 2252 495 2324 οίκ
526 2255 702 2323 έποίσειαι
730 2259 783 2324 vel
813 2252 873 2323 οὐκ
900 2253 1175 2346 ἀπατηθησεται,
1209 2278 1285 2325 sen·

145 2364 278 2428 tentiam
316 2362 446 2444 quidem
482 2361 655 2444 genuinam
691 2359 838 2426 adsecuti
879 2368 975 2445 sunt,
1017 2361 1091 2446 ipsa
1126 2361 1285 2428 voeabula

144 2465 334 2550 displicent3
366 2479 472 2546 neque
494 2465 626 2529 verbum
648 2464 734 2546 quod
762 2471 795 2529 et
817 2463 996 2530 sententiae
1026 2472 1058 2530 et
1081 2463 1285 2530 Ambrosiani

144 2570 281 2635 lacunae
315 2573 426 2651 aptum
459 2573 561 2646 esset,
598 2566 744 2632 invenire
776 2566 856 2631 mihi
885 2567 1029 2650 contigit.
1085 2566 1285 2652 Impediendi

144 2679 250 2736 autem
281 2669 445 2735 notionem
479 2669 657 2736 desiderari
692 2669 892 2753 praecedens
921 2671 1112 2736 vocabulum
1146 2682 1286 2751 ταχεῖαν

142 2775 251 2858 aliquo
273 2771 370 2838 modo
391 2771 537 2838 indicare
558 2771 704 2838 videtur:
730 2771 785 2856 qui
807 2792 871 2838 non
894 2793 991 2838 unam
1013 2779 1137 2838 tantum
1160 2773 1283 2838 formae

142 2885 250 2942 notam
281 2875 427 2960 respicit,
461 2893 543 2958 quae
572 2875 606 2940 in
636 2875 743 2942 multis
774 2875 889 2942 similis
919 2895 990 2942 esse
1013 2881 1134 2961 potest,
1170 2892 1283 2942 verum

143 2980 251 3045 omnia
280 2985 337 3044 aut
368 2979 524 3063 pleraque
558 2996 598 3044 ea
630 2997 714 3061 quae
748 2979 869 3044 formae
901 2979 998 3045 alicui
1031 2978 1160 3064 propria
1192 2986 1280 3062 sunt,

141 3084 169 3149 is
192 3082 342 3149 celeriter
362 3081 663 3166 impedimentisque
685 3082 784 3147 nullis
806 3089 950 3148 retentus
972 3082 1065 3165 quasi
1088 3083 1173 3148 viam
1196 3101 1286 3148 eme-

142 3187 238 3252 tietur
260 3191 357 3269 atque
379 3181 501 3250 formae
523 3192 673 3250 naturam
697 3191 877 3268 cognoscet.

226 3309 261 3374 p.
284 3291 409 3353 111010s
443 3283 612 3374 Τοιαάτην
641 3287 679 3352 δέ
708 3310 797 3374 φημι
819 3294 937 3354 πᾶσαν
959 3281 1048 3353 εἶναι
1069 3287 1161 3366 λέξιν
1182 3287 1284 3352 πολι-

142 3391 253 3480 τικὴν,
292 3388 329 3456 έν
361 3381 381 3475 ᾗ
410 3388 449 3456 τὸ
480 3387 659 3478 ποιητικὸν
689 3389 892 3478 ἐμφαίνεται
919 3387 1053 3467 κάλλος.
1100 3389 1282 3456 Gentinam

141 3495 312 3562 lectionem
334 3490 493 3579 τοιαύτην
511 3490 557 3579 δή
576 3516 664 3580 φημι
677 3493 857 3560 locusdibri
873 3492 914 3559 de
930 3513 957 3559 c.
973 3513 1004 3558 v.
1023 3514 1056 3579 p.
1070 3496 1170 3576 19710,
1197 3493 1284 3560 unde

141 3597 221 3663 haec
243 3595 381 3680 repetita
403 3602 487 3677 sunt,
513 3596 665 3662 servavit.

225 3720 259 3784 p.
280 3700 421 3763 lll3ross
458 3691 527 3764 Οὐκ
561 3692 603 3764 ἂν
636 3695 863 3782 θαυμάσειεν,
909 3697 939 3765 εἰ
976 3699 1118 3785 φροντὶς
1154 3697 1282 3784 ἐγίνετο

146 3803 168 3883 (ι
188 3821 269 3866 corr.
289 3819 316 3866 s.
334 3803 360 3884 ε)
387 3803 607 3886 Δημοσθένει
629 3799 680 3866 έτι
701 3801 811 3884 μελῶν
832 3801 890 3866 καί
908 3800 1050 3888 ῥυθμῶν
1072 3802 1130 3866 καὶ
1151 3798 1282 3888 σχημά-

142 3927 209 3970 των
236 3903 294 3967 acl
323 3909 390 3968 τῶν
418 3897 530 3969 άλλων
559 3900 713 3985 πάντων,
748 3900 799 3980 οἷς
829 3897 925 3991 ἡδεῖα
953 3904 1012 3970 καί
1040 3903 1123 3992 καλὴ
1154 3909 1283 3989 γίνεται

143 4003 304 4082 σύνθεσις
319 4006 362 4071 Μ.
403 4007 597 4072 Particulam
620 4006 671 4072 ἔτι
685 4007 838 4074 Reislrius
853 4027 911 4073 suo
925 4007 996 4074 iure
1011 4007 1142 4074 delevit.
1179 4009 1281 4074 Prae·

143 4116 230 4176 terea
258 4129 317 4194 pro
348 4106 475 4192 ἐγένετο
499 4110 639 4177 seribere
662 4110 772 4175 malim
796 4108 938 4195 ἐγένετο,
971 4129 1043 4176 cum
1073 4111 1179 4195 priore
1201 4111 1281 4174 Am-

143 4212 282 4278 brosiani
311 4212 448 4279 lectione
470 4212 586 4279 ductus
608 4221 675 4278 tum
698 4213 767 4280 loeo
790 4213 863 4280 libri
885 4213 926 4278 de
949 4233 977 4278 e.
995 4233 1025 4278 v.
1052 4235 1084 4298 p.
1104 4216 1214 4298 20965,
1240 4233 1281 4279 ex

396 4338 399 4346 ·
1042 4336 1074 4386 ro.
