3224 5140
549 411 592 420 -
640 376 723 455 pau
770 410 814 420 -
1190 379 1247 438 111

198 563 237 624 A.
265 561 302 625 In
325 561 465 644 epistula
487 561 529 625 ad
545 561 604 626 On.
624 560 810 644 Pompeium
833 563 1051 643 (7581-7643)
1074 561 1250 644 Dionysius

111 664 243 748 repetit,
278 685 361 745 quac
384 664 424 730 dc
447 664 591 728 Platonis
621 663 759 728 dialecto
788 663 822 728 iu
850 665 931 728 libro
960 663 1000 729 de
1023 664 1250 729 Demosthenis

111 766 251 831 dictione
278 767 516 849 disputaverat,
545 785 647 848 eaque
669 766 767 831 verbo
797 773 890 830 tenus
919 766 1185 849 transcripturum
1216 786 1250 831 sc

110 868 187 932 dicit
215 871 302 947 [7583
326 865 424 954 θήσω
448 861 481 931 δ’
507 862 627 943 αὐτοῖς
650 869 789 949 λέξεσιν,
823 861 867 944 ὡς
891 866 959 932 ἐκεῖ
980 871 1160 954 γέγραφα).
1208 871 1251 933 At

110 969 194 1048 vide,
219 970 377 1052 quomodo
400 969 460 1036 hoc
481 969 611 1062 lecerit:

174 1094 208 1157 p.
230 1077 321 1137 75913
352 1071 441 1137 ἕλκει
463 1096 497 1137 τε
524 1070 656 1156 μακρὸν

113 1170 656 1259 άπατείνοασατὸννοῦν.συστρέ-

113 1291 177 1360 ψαι
187 1277 223 1342 δὲ
241 1277 319 1342 δέον
336 1275 372 1342 ἐν
383 1272 511 1361 ὀλίγοις
527 1271 655 1358 ὀνόμα-

114 1404 181 1462 σιν,
213 1379 361 1460 ε’κχεῑται
391 1379 439 1456 είς
470 1375 655 1465 ἀπειροκά-

113 1485 188 1559 λοος
205 1480 444 1568 περιφράσεις.

175 1591 267 1651 76013
290 1585 424 1671 Μηδεὶς
440 1585 477 1650 δέ
491 1609 532 1667 με
549 1593 654 1650 ταῦτα

114 1685 259 1776 ἡγείσθω
285 1689 406 1772 λέγειν.

178 1788 654 1877 76613τῑηςέγκατασκεάοοκαὶ

113 1893 356 1981 ἐξηλλαγμένης
378 1893 510 1971 λέξειας.

177 2001 251 2061 7613
268 1997 349 2080 περὶ
365 1990 499 2085 ἀνδρὸς.

153 2185 154 2190 ¹
176 2103 264 2164 76113
282 2107 388 2164 ταῦτα
404 2095 467 2184 γάρ
484 2096 519 2162 οἵ
529 2121 563 2162 τε
576 2092 650 2160 κατ)

115 2197 214 2267 αὐτὸν
231 2199 407 2286 γενόμενοι
429 2197 555 2275 πάντες
578 2199 654 2264 ἐπι-

115 2312 264 2386 τιμιῖισιν·
298 2295 344 2369 ὧν
366 2300 408 2366 τά
428 2297 578 2384 ὀνόματα
596 2297 653 2367 αὐ-

115 2408 169 2472 ctu
190 2407 239 2472 δεῖ
261 2431 303 2488 με
320 2408 440 2491 λέγειν.

175 2616 263 2676 76211
283 2611 319 2676 ἐν
336 2602 361 2696 ᾧ
376 2607 454 2686 τοὺς
472 2609 650 2695 ἐριστικοὺς

116 2708 130 2776 ὁ
152 2713 331 2800 Σωκράτης
360 2713 571 2778 διατέθειται
593 2709 651 2777 λά-

116 2840 197 2899 γοας.

770 1093 803 1156 p.
830 1076 906 1137 9661
939 1071 1026 1138 ἕλκει
1056 1097 1091 1137 τε
1118 1071 1250 1159 μακρὸν

708 1169 917 1240 ἀποτείνασα
934 1173 994 1240 τὸν
1010 1181 1093 1240 νοῦν
1110 1181 1250 1261 συστρέ-

707 1289 774 1359 ψαι
786 1277 864 1342 δέον
880 1275 916 1342 ἐν
927 1272 1093 1358 ὀνόμασιν
1107 1272 1245 1362 ὀλίγοις·

707 1378 852 1460 ἐκχεῖται
875 1375 908 1444 δ’
930 1380 978 1456 εἰς
1001 1375 1249 1466 ἀπειροκάλους

705 1481 940 1568 περιφράσεις.

772 1589 848 1650 9671
872 1585 1004 1671 Μηδεὶς
1024 1585 1061 1650 δέ
1071 1609 1113 1667 με
1125 1582 1167 1650 τὰ
1179 1603 1250 1650 τοι-

707 1694 791 1752 αῦτα
808 1681 964 1772 ’ὑπολάβῃ
981 1689 1100 1772 λέγειν.

772 1794 848 1856 9673
865 1799 922 1878 της
935 1790 1180 1877 ἐξηλλαγμένης
1191 1791 1249 1855 καί

707 1893 953 1978 ἐγκατασκεύου
969 1895 1101 1972 λέξεως.

771 1999 847 2060 9673
863 1990 950 2082 ὑπὲρ
968 1991 1102 2081 ἀνδρὸς.

771 2101 846 2162 9681
870 2105 976 2163 ταῦτα
998 2097 1247 2181 praeteruolat

705 2194 780 2264 κατ’
799 2195 903 2266 αὐτὸν
923 2200 1051 2268 ἐκεῖνον
1072 2198 1248 2286 γενόμενοι

706 2297 749 2378 ὡς
762 2296 991 2388 ἁμαρτάνοντι
1003 2309 1048 2388 τῷ
1062 2297 1159 2387 άνδρὶ
1172 2301 1248 2368 ε’πι-

703 2413 857 2488 τιμῶσιν·
871 2398 916 2471 ὧν
928 2404 969 2470 τά
978 2400 1131 2487 ὀνόματα
1140 2400 1247 2472 οὐδὲν

703 2509 823 2592 δέσμαι
837 2510 956 2592 λέγειν.

769 2615 846 2676 9693
871 2611 907 2676 ἐν
923 2604 948 2696 ᾦ
964 2609 1041 2686 τοὺς
1065 2609 1245 2694 ἐρωτικοὺς

704 2714 897 2779 διατίθεται
919 2711 1040 2798 λόγους
1066 2708 1083 2778 ὁ
1107 2712 1264 2800 Σιοκρά-·

703 2840 771 2902 της.

191 2921 229 2984 In
244 2921 356 2985 libello
371 2939 463 3003 porro
479 2919 519 2984 de
536 2918 735 3004 Thucydidis
753 2920 915 2984 idiomatis
931 2919 1087 2985 nonnulla
1103 2939 1144 2984 ex
1158 2919 1244 2984 iudi-

115 3021 159 3085 cio
185 3023 223 3088 de
250 3021 439 3106 Thucydide
463 3023 676 3086 verbotenus
699 3022 838 3088 afferens
868 3026 953 3102 (7901
983 3022 1130 3107 προθείς
1158 3020 1238 3085 κατί
1290 3024 1292 3028 ’

115 3123 204 3207 λέξιν)
232 3125 380 3190 similiter
402 3125 502 3188 verba
523 3124 714 3208 transponit,
741 3125 807 3189 alia
829 3125 1015 3190 introducit:

172 3231 298 3310 137931
323 3223 360 3290 τὸ
385 3223 509 3310 πικρὸν
531 3227 588 3290 καὶ
611 3223 647 3289 τὸ

116 3327 246 3394 πυκνόν.
347 3329 361 3378 Γ

175 3428 649 3517 79611παραλαμβάνιονπολ-

11 3569 12 3572 ¹
117 3531 212 3611 λάκις.

174 3662 196 3700 11
204 3633 648 3722 πλείστηνείσενεγκάμενος

11 3743 12 3750 ’
117 3745 354 3822 πραγματείαν.

766 3247 799 3310 p.
819 3230 893 3292 8761
919 3225 956 3292 τὸ
979 3225 1111 3294 πυκνὸν
1125 3228 1182 3294 καί
1204 3225 1243 3292 τὸ

702 3327 837 3414 πικρόν.

766 3437 857 3498 86613
880 3429 1122 3516 προελόμενος.

766 3640 841 3702 8671
866 3638 1030 3724 πλείστην
1054 3634 1244 3722 εἰσενεγκά-

700 3762 801 3822 μενος
826 3737 989 3828 σποοδην.

191 3843 303 3924 Itaque
320 3842 487 3906 verborum
502 3841 768 3925 transpositiones
784 3849 816 3908 et
827 3843 1034 3908 violentiores
1048 3842 1243 3908 mutationes

12 4001 13 4004 ,
116 3942 147 4004 111
170 3945 245 4010 locis
275 3944 488 4029 Thucydidiis
522 3965 585 4008 non
619 3945 688 4009 sine
722 3945 832 4029 aliqua
860 3945 1094 4030 probabilitatis
1131 3947 1242 4030 specie

117 4043 259 4132 Dionysio
282 4048 476 4126 tribuemus;
504 4048 595 4112 cuius
618 4048 746 4130 generis
769 4048 803 4113 hi
826 4049 888 4113 loci
911 4055 1094 4114 occurrunt:

196 4156 223 4214 1.
256 4151 508 4214 8361331973
531 4170 564 4233 p.
585 4154 641 4215 713
675 4162 745 4226 τοῖς
779 4147 847 4235 πρὸ
879 4150 962 4233 ἐμοῦ
992 4145 1123 4217 άπασιν
1154 4149 1243 4216 ἐκλι-

119 4249 175 4325 πὲς
189 4249 230 4316 τὸ
247 4255 405 4335 χιορίον
428 4258 551 4316 τοῦτο
567 4241 631 4337 ἦνῑ
658 4259 757 4316 τοῦτο
773 4241 814 4338 ἦν
829 4249 866 4316 τὸ
883 4258 1008 4338 χωρίον
1023 4253 1124 4320 Thuc.
1143 4251 1237 4318 codd.
