3182 5136
305 341 367 402 111
530 323 533 328 ’
739 374 782 384 -
830 339 913 421 [aas]
960 373 1002 382 -

305 546 450 592 sermone
478 546 541 592 non
571 526 713 595 alianum
744 546 816 593 esso
844 525 917 592 libri
944 525 985 592 da
1007 545 1035 592 ο.
1061 547 1091 591 v.
1117 531 1183 590 tras
1211 525 1275 590 laci
1303 526 1441 609 probant

304 651 335 716 p.
356 634 424 696 6611
450 633 588 716 τραχέσι
607 630 680 696 λεῑα
695 634 871 715 μίσγοντα.
921 632 1010 695 11911
1032 632 1165 714 μίσγειν
1180 640 1250 704 τοῖς
1273 633 1443 714 κρείττοσι

305 731 383 810 τοὺς
405 737 571 818 χείρονας.
619 737 673 798 991
698 730 853 819 πάταγον
874 726 1008 798 ὑδάτων
1038 726 1318 816 ἀναμισγομένων
1348 731 1444 815 ἐκμι-

304 834 493 923 μάσασθαι.

390 980 421 1043 p.
439 961 630 1042 8241111111).
651 961 669 1022 8
686 963 924 1042 Μαρτυρεῑται
939 956 975 1021 δὲ
990 963 1037 1042 τῷ
1052 951 1149 1041 άνδρὶ
1166 959 1221 1039 (sc.
1239 957 1440 1042 Θουκυδίδῃ)

309 1112 315 1124 .
338 1112 344 1124 .
367 1112 372 1125 .
401 1056 453 1126 ὅτι
475 1061 532 1126 καλ
561 1067 619 1148 τῆς
642 1055 817 1147 άληθείας,
844 1053 883 1147 ἧς
906 1059 1031 1146 ἱέρειαν
1042 1063 1061 1144 ¹)
1090 1054 1178 1126 εἶναι
1206 1057 1268 1148 την
1289 1060 1446 1147 ἱστορίαν

304 1161 514 1246 βουλόμεθα,
540 1165 703 1251 πλείστην
726 1160 911 1250 ἐποιήσατο
940 1160 1107 1248 πρόνοιαν
1137 1157 1213 1228 οὔτε
1239 1165 1446 1249 προστιθεὶς

304 1279 374 1343 τοῖς
389 1265 587 1352 πράγμασιν
604 1261 702 1334 οὐδὲν
717 1265 734 1332 ὃ
751 1264 795 1354 μὴ
812 1267 944 1333 δίκαιον
967 1262 1064 1333 οὐδὲ
1084 1261 1240 1353 ἀφαιρῶν
1255 1262 1334 1333 οὐδὲ
1350 1267 1445 1348 ἐνεξ-

304 1367 472 1448 ουσιάζων
494 1376 533 1454 τῇ
556 1377 681 1457 γραφῇ.
737 1370 887 1454 Corrigas
918 1366 993 1435 οὔτε
1024 1371 1227 1456 προστιθεὶς
1253 1421 1259 1434 .
1282 1421 1316 1435 ..
1343 1365 1444 1436 οάτε

305 1468 462 1559 ἀφαιρεῖν
483 1475 566 1554 κτλ,
600 1475 639 1540 cf.
666 1477 774 1559 11231
798 1469 874 1539 οάτε
897 1475 1067 1560 προσθεὶς
1095 1469 1195 1540 οὐδὲν
1221 1469 1336 1550 αὐτοῖς
1366 1469 1442 1540 οὔτ’

304 1571 450 1662 ἀφελών.
506 1580 596 1642 81911
627 1574 709 1664 μήτε
742 1582 989 1664 προστιθέντες
1022 1571 1141 1654 αὐτοῖς
1169 1601 1201 1642 τι
1230 1572 1309 1664 μήτ’
1335 1572 1446 1664 ἀφαι-

304 1687 452 1766 ροῦντες.
500 1683 592 1746 84611
614 1677 697 1768 μήτε
727 1679 921 1767 πρόσθεσιν
947 1677 1111 1764 δεχόμενα
1140 1675 1221 1768 μήτ’
1243 1675 1442 1767 ἀφαίρεσιν.

307 1789 401 1850 19241
426 1778 533 1850 οὐθὲν
555 1778 631 1850 οὔτε
655 1791 693 1869 τῇ
710 1781 790 1869 δόξῃ
814 1778 956 1870 τάνδρὸς
971 1785 1174 1870 προστιθεὶς
1190 1779 1266 1850 οὔτε
1285 1791 1344 1872 τῆς
1360 1779 1446 1873 άλη-

305 1891 404 1962 assae
425 1881 688 1973 ἀφαιρούμενος.
737 1888 854 1954 Paucis
876 1887 993 1954 deinde
1015 1888 1200 1972 interiectis,
1227 1888 1344 1972 quibus
1368 1909 1447 1955 sen-

303 1990 405 2056 tentia
433 1992 467 2055 in
489 1991 605 2075 eapitis
626 1991 718 2057 initio
745 1991 850 2076 posita
877 1991 911 2056 in
933 1991 1118 2057 universum
1140 1993 1301 2077 probatur,
1336 2000 1370 2058 et
1393 1993 1446 2058 in-

304 2101 388 2158 stum
410 2093 609 2178 Thucydidis
635 2095 859 2178 integrumque
886 2093 927 2161 de
949 2095 1157 2161 nobilissimis
1179 2095 1257 2161 viris
1286 2095 1445 2162 iudicium

304 2196 462 2278 laudatur,
489 2199 548 2262 sub
565 2198 679 2282 eapitis
701 2197 797 2266 finem
819 2199 901 2264 haec
921 2199 1087 2280 leguntur:
1119 2197 1383 2284 παραδείγματα
1408 2200 1445 2264 δὲ

304 2301 382 2386 περὶ
405 2294 515 2366 αὐτῶν
538 2305 656 2387 φέρειν
686 2294 726 2366 οὐ
749 2301 868 2384 δέομαι
897 2312 968 2378 τοῖς
991 2299 1230 2388 διεληλυθόσιν
1252 2296 1358 2368 αὐτοῦ
1382 2301 1446 2380 τὰς

304 2401 465 2487 ἱστορίας.
511 2411 617 2470 ταῦτα
646 2405 709 2486 μὲν
738 2393 798 2469 οὗν
829 2399 872 2470 dv
894 2403 966 2486 ἐ’χοι
995 2428 1045 2481 τις
1075 2403 1195 2488 εἰπεῖν,
1230 2403 1355 2492 άπερὶ
1373 2391 1446 2474 ’τὸν

303 2503 539 2590 πραγματικὸν
568 2502 677 2572 τόπον
699 2500 716 2570 δ
742 2505 956 2593 συγγραφεὺς
978 2513 1153 2594 κατορθοῖ,
1188 2505 1276 2572 καλά
1304 2509 1363 2573 καὶ
1386 2535 1445 2592 μι-

303 2606 435 2696 μήσεως
452 2604 541 2689 άξια.
583 2606 763 2696 κράτιστον
785 2609 822 2674 δὲ
838 2607 978 2676 πάντιον
997 2609 1037 2676 τὸ
1053 2603 1339 2698 μηδὲνέκουσίως
1357 2611 1446 2697 ψευ-

303 2711 427 2778 δεσθαι
459 2713 543 2800 μηδὲ
575 2717 724 2796 μιαίνειν
754 2711 815 2800 τὴν
837 2707 971 2796 αὖτοῦῖ)
999 2714 1202 2801 συνείδησιν.
1249 2719 1316 2781 ο.9
1342 2715 1383 2782 Ἅ
1405 2711 1442 2782 δ’

302 2815 539 2904 ἐλλιπέστερον
554 2813 787 2898 κατεσκεύασε,
811 2818 869 2882 καὶ
885 2811 941 2904 ἐφ’
953 2813 1004 2893 οἶς
1020 2815 1219 2903 ἐγκαλοῦσιν
1231 2813 1322 2904 αὐτῷ
1338 2843 1441 2904 τινες,

302 2923 381 3008 περὶ
403 2919 440 2988 τὸ
464 2920 701 3009 τεχνικώτερον
722 2927 824 3009 μέρος
845 2920 916 2988 ἐστὶ
938 2929 999 2988 τοῦ
1021 2929 1259 3009 πραγματικοῦ
1281 2921 1441 3005 τόπουθ).

302 3027 408 3091 Verba
429 3023 609 3111 andniman
624 3025 660 3091 δὲ
677 3023 817 3092 πάντων
830 3065 874 3074 —-
890 3025 1082 3112 συνείδησιν
1095 3025 1244 3110 Dionysii
1266 3046 1331 3092 non
1351 3033 1441 3094 sunt.

303 3129 443 3194 Primum
459 3130 544 3195 enim
559 3129 602 3196 ad
617 3131 809 3197 sententiam
831 3131 866 3197 in
881 3130 996 3216 eapitis
1019 3130 1109 3196 initio
1130 3131 1288 3214 prolatam
1310 3151 1444 3216 prorsus

302 3233 410 3318 inepte
425 3239 636 3314 revertuntur,
656 3233 786 3300 minima
800 3235 859 3300 illa
872 3233 1000 3317 quidem
1015 3235 1177 3299 cumulum
1192 3232 1358 3318 addentia,
1385 3237 1445 3302 sed

301 3356 342 3401 ne
365 3336 523 3402 Graecum
545 3336 673 3420 quidam
696 3358 816 3404 morem
839 3337 1010 3404 referentia
1037 3337 1151 3424 (μηδὲν
1173 3335 1335 3414 ἑκουσίως
1356 3336 1444 3423 ψεύ-

242 3423 245 3434 ’
302 3437 434 3521 δεσθαι,
461 3443 610 3522 μιαίνειν
631 3436 692 3528 τὴν
715 3434 820 3507 αὑτοῦ
843 3439 1059 3527 συνείδησιν).
1105 3439 1232 3513 Deinde
1261 3446 1329 3506 tota
1358 3441 1443 3508 haec

301 3541 453 3623 laudatio,
474 3564 537 3626 qua
548 3543 747 3628 Thucydidis
759 3544 827 3610 veri
841 3543 981 3610 studium
997 3544 1209 3628 praedicatur,
1229 3550 1325 3627 atqua
1338 3545 1444 3611 omnis

302 3664 441 3728 estpars,
468 3667 532 3728 qua
547 3647 681 3714 virtutes
697 3653 758 3712 τοῦ
773 3654 1011 3732 πραγματικοῦ
1027 3643 1137 3713 τόπου
1156 3653 1344 3731 tractantur,
1371 3668 1443 3715 asr-

301 3747 423 3814 tissime
445 3747 598 3814 finiuntur
620 3749 727 3816 verbis
752 3755 859 3814 ταῦτα
881 3749 958 3832 μὲν
981 3739 1054 3817 οὖν
1077 3745 1118 3816 άν
1140 3748 1212 3832 έχοι
1241 3773 1292 3826 τις
1314 3749 1438 3834 εἰπεῖν,

302 3850 323 3916 ἃ
346 3852 426 3936 περὶ
448 3849 509 3917 τὸν
530 3849 769 3937 πραγματικὸν
797 3849 906 3918 τόπον
934 3847 952 3918 δ
976 3849 1190 3940 συγγραφεὺς
1212 3859 1438 3940 κατορθοῖ,

302 3951 387 4020 καλά
403 3955 460 4018 καὶ
474 3951 646 4043 μιμήσεως
663 3951 752 4034 άξια.
786 3955 877 4034 Quae
892 3957 999 4026 verbis
1022 3954 1060 4022 ‘A
1077 3951 1110 4022 δ’
1126 3955 1441 4044 ἐλλιπέστερον

374 4183 389 4241 ¹)
413 4177 518 4252 ἱέρειαν
535 4195 589 4248 mg.
611 4179 672 4234 dod.
692 4179 792 4234 Bodt:
820 4177 898 4254 ἱερὰν
915 4180 976 4234 MR
1005 4184 1016 4246 ΙΙ
1051 4181 1069 4247 ²)
1095 4177 1181 4233 αὑτοῦ
1199 4181 1321 4250 Krueg.:
1350 4179 1439 4234 αὐτοῦ

302 4265 363 4320 MR
387 4271 398 4333 11
427 4267 447 4332 ³)
468 4262 555 4319 τόπου
573 4265 638 4320 add.
658 4265 828 4334 Kruagerns.
