3182 5136
534 421 577 432 -
625 385 708 467 μου
754 421 798 432 -
1171 387 1229 448 221

107 581 191 653 τούς
217 573 258 638 of.
284 594 317 658 p.
338 577 413 638 770⁵
442 579 480 657 τῇ
508 569 608 638 πόλει
635 579 674 657 τῇ
705 571 827 638 ἑαυτοῦ
855 569 915 648 τὰς
946 568 1097 659 φανερὰς
1126 571 1236 649 αἰτίας

106 684 162 742 τοῦ
182 677 338 758 πολέμου
359 672 573 761 περιάπτειν.
618 668 735 751 Αάτός
758 675 840 740 falso
862 683 1027 741 exaratum
1051 675 1155 741 soriba
1177 674 1236 741 de-

104 783 165 845 lere
186 779 306 845 oblitus
329 786 387 845 est.

185 903 219 967 p.
239 885 346 946 97isss
361 879 399 946 Ἅ
415 875 448 946 δ’
468 879 505 947 έν
519 887 557 966 τῇ
573 880 765 966 παλινῳδίᾳ
787 877 846 946 τὸν
861 879 969 967 έρωτα
987 875 1235 967 ἀφοσιούμενος

104 975 204 1061 αὖθις
234 978 456 1071 δ’Σωκράτης
485 983 616 1072 ε’ίρηκεν
647 982 786 1050 ἐνθένδε
816 978 1019 1070 ἀρξάμενος·
1048 977 1086 1050 ‘O
1108 984 1171 1066 μὲν
1194 983 1233 1070 δὴ

103 1093 203 1173 μέγας
234 1081 366 1174 ἡγεμὼν
395 1085 431 1152 έν
460 1081 593 1172 οὐρανῷ
622 1084 707 1163 Ζεύς
728 1123 772 1134 -
793 1107 824 1171 p.
845 1090 922 1151 9722
950 1084 1096 1151 ἵσταται.
1120 1093 1235 1152 -est

103 1193 268 1277 praeclara
289 1191 348 1256 illa
370 1191 410 1256 de
431 1191 610 1276 plumigero
632 1190 738 1256 animo
758 1191 792 1254 in
807 1189 952 1256 Phaedro
972 1191 1013 1274 [p.
1033 1193 1132 1272 246⁶s)
1152 1190 1235 1255 ulle-

102 1297 187 1379 goriu
202 1333 247 1342 —
268 1316 302 1380 p.
322 1297 399 1358 9722
420 1301 527 1359 ταῦτα
551 1290 664 1358 καὶτὰ
680 1287 781 1376 όμοια
797 1290 938 1376 τούτοις,
966 1290 1113 1358 ἃπολλά
1129 1290 1230 1374 ἐστιν,
1331 1371 1334 1376 ¹

103 1397 130 1463 εί
150 1396 253 1480 λάβοι
277 1399 361 1483 μέλη
392 1397 449 1462 καί
478 1394 633 1482 ῥυθμούς
661 1390 774 1482 ὥσπερ
805 1395 837 1460 οἱ
867 1393 1078 1482 διθύραμβοι
1106 1395 1163 1460 καὶ
1193 1391 1234 1459 τὰ

102 1497 340 1588 ὑπορχήματα,
372 1512 444 1577 τοῖς
465 1497 642 1586 Πινδάρου
664 1497 852 1586 ποιήμασιν
875 1498 1020 1566 ἐοικέναι
1042 1497 1171 1579 δόξειεν
1193 1493 1236 1564 άν

103 1619 168 1682 τοῖς
191 1603 240 1681 εἰς
262 1603 323 1670 τὸν
344 1598 441 1690 ἥλιον
462 1602 665 1690 εἰρημένοις,
699 1597 743 1679 ὥς
765 1599 797 1687 γ’
816 1601 892 1686 ἐμοὶ
923 1607 1100 1690 φαίνεται·
1124 1597 1234 1678 Ἀκτίς

101 1707 229 1774 Ἀελίου
254 1708 345 1786 κτλ.;
386 1715 435 1773 est
464 1707 595 1772 Pindari
624 1707 837 1790 fragmentum
863 1706 951 1774 CVII
972 1706 1105 1790 Bergk,
1142 1707 1234 1772 ouius

102 1813 227 1878 ultimos
249 1830 362 1876 versus
378 1809 418 1876 G.
434 1811 636 1876 Hermannus
658 1809 704 1876 ito
718 1809 873 1876 restituit:
907 1804 1136 1897 ὀλοφ<ύρομαι
1158 1803 1233 1897 ού)-

101 1916 154 1982 δὲν
175 1910 231 1980 δτι
252 1912 394 1980 πάντων
416 1919 500 1996 μέτα
516 1918 697 1998 πείσομαι;
723 1914 765 1980 of.
783 1935 859 1999 pag.
873 1919 945 1978 111.
992 1913 1167 1997 Sequentia
1188 1913 1234 1978 itu

101 2017 329 2084 Ambrosianus
353 2016 497 2083 exhibet:
526 2011 705 2083 κάνταῦθα
728 2011 769 2082 ού
790 2017 852 2084 lae.
873 2020 977 2081 7-10
1001 2017 1061 2082 litt.
1095 2017 1233 2103 ληγορία

102 2116 141 2199 ὡς
161 2119 260 2207 παρὰ
282 2117 478 2186 Πλάτωνι·
503 2121 541 2186 In
567 2120 681 2186 litteris
704 2121 844 2207 ληγορία
873 2121 973 2186 latere
996 2139 1105 2186 vooem
1133 2113 1235 2206 άλλη-

102 2229 195 2310 γορία
224 2223 322 2290 t'aeile
349 2229 495 2308 apparet.
542 2223 700 2288 Nimirum
727 2223 761 2288 id
782 2223 888 2308 ipsum
910 2223 1087 2308 Dionysius
1108 2222 1234 2289 Platoni

101 2328 269 2413 opprobrat
291 2348 324 2412 p.
343 2330 450 2392 susus
474 2321 675 2414 ἀλληγορίας
697 2351 732 2392 τε
755 2325 996 2412 περιβάλλεται
1018 2324 1149 2402 πολλὰς
1177 2327 1236 2390 καί

101 2429 227 2517 μακρὰς
250 2425 328 2496 οὔτε
354 2434 478 2517 μέτρον
508 2427 650 2512 ἐχούσας
674 2425 749 2496 ούτε
772 2427 903 2517 καιρόν.
949 2431 1076 2497 Platoni
1097 2430 1131 2495 in
1153 2450 1234 2514 pan-

101 2537 201 2619 gendo
224 2535 358 2602 elatiore
380 2534 519 2602 diutione
541 2535 697 2619 allegoria
718 2554 798 2620 opus
821 2535 922 2602 fuisse
945 2534 1032 2617 dicit,
1058 2543 1093 2600 at
1114 2533 1235 2600 Pinda-

102 2659 165 2704 rum
186 2639 308 2706 talibus
324 2637 467 2704 artificiis
490 2637 666 2723 repudiatis
688 2638 793 2722 ipsum
808 2659 905 2721 quum
920 2637 1066 2704 videmus
1084 2645 1232 2703 naturam

102 2743 270 2808 celebrare.
317 2741 486 2823 Reliquam
508 2741 657 2808 lacunam
679 2741 725 2806 its
745 2740 813 2807 fere
835 2741 966 2826 explere
995 2740 1119 2826 possis:
1153 2733 1235 2805 κάν-

104 2850 211 2909 ταῦθα
228 2839 267 2910 ού
282 2841 402 2933 (κενή
424 2867 488 2920 τις
510 2843 626 2910 ἐστίν
649 2839 864 2931 άλ>ληγορία,
887 2838 931 2922 ὡς
946 2839 1042 2929 παρὰ
1056 2841 1228 2909 Πλάτωνι.

183 2969 214 3032 p.
233 2951 340 3014 974εεε
356 2941 457 3012 Ἀλλὰ
480 2945 543 3032 γὰρ
565 2946 622 3013 ἵνα
645 2946 689 3036 μὴ
713 2949 831 3014 lacuna
854 2951 979 3012 15-16
1002 2947 1065 3012 litt.
1092 2940 1109 3012 ό
1133 2944 1233 3032 λόγος

106 3073 160 3129 μοι
179 3055 300 3136 προβῇ,
327 3047 497 3116 Πλάτωνα
513 3050 576 3134 μέν
591 3047 691 3132 ἐάσω,
718 3047 931 3137 πορεύσομαι
954 3045 987 3115 δ’
1007 3049 1065 3116 ἐπὶ
1087 3048 1147 3117 τὸν
1160 3056 1232 3138 Δη-

108 3159 283 3242 μοσθένην.
332 3153 522 3239 Sylburgius
545 3154 645 3220 verba
674 3157 763 3240 πέρα
786 3160 847 3219 τοῦ
868 3157 1006 3240 μετρίου
1032 3153 1232 3220 intercidisse

110 3258 291 3342 suspicatur.
339 3255 406 3324 Sed
428 3257 493 3324 alia
510 3257 660 3342 Dionysii
682 3257 879 3324 consuetudo
902 3265 960 3337 est,
986 3277 1027 3324 ex
1049 3278 1113 3341 qua
1128 3258 1233 3324 soribo

106 3357 158 3423 ἵνα
187 3358 229 3448 μὴ
258 3359 388 3448 (πέρα
418 3367 491 3426 τοῦ
519 3357 718 3449 δέοντος)
745 3353 763 3425 ὁ
793 3357 893 3445 λόγος
925 3384 985 3443 μοι
1016 3364 1145 3446 προβῇ,
1186 3361 1228 3428 of.

108 3483 136 3544 p.
154 3469 225 3529 sess
252 3461 410 3540 δεδοικὼς
437 3461 482 3550 μὴ
506 3467 596 3549 πέρα
626 3470 688 3548 τοῦ
710 3463 845 3540 δέοντος
869 3457 886 3528 δ
909 3460 1009 3548 λόγος
1039 3461 1235 3550 ἐκμηκυνθῇ

106 3589 169 3647 μοι,
193 3575 297 3636 ταῦτα
320 3567 384 3650 μὲν
406 3564 520 3632 ἐάσω.
543 3616 579 3631 ..
616 3569 693 3632 oros
715 3563 930 3654 μηκυνόμενα
946 3571 1035 3652 πέρα
1054 3573 1115 3632 τοῦ
1138 3566 1233 3633 δέον-

108 3691 169 3744 τος.
219 3674 294 3738 sous
327 3669 385 3736 ἵνα
418 3669 462 3756 μὴ
496 3675 687 3756 περαιτέρω
721 3677 782 3736 τοῦ
815 3670 951 3746 δέοντος
981 3663 1000 3756 ἡ
1025 3667 1139 3758 γραφή
1174 3695 1235 3754 μοι

105 3755 288 3859 προβῇί-
310 3778 402 3839 746ιε
430 3773 487 3840 ἵνα
517 3771 561 3860 μὴ
592 3769 800 3860 μακρότερος
833 3779 893 3838 τοῦ
922 3772 1057 3850 δέοντος
1086 3767 1103 3838 ό
1134 3771 1235 3859 λόγος

108 3880 233 3962 γένηταί
254 3902 314 3961 μοι
332 3877 384 3960 (of.
403 3879 564 3962 p.950m).
606 3880 681 3942 7797
705 3873 913 3963 μακρότερος
936 3875 999 3963 γὰρ
1023 3881 1152 3961 γίνεται
1173 3885 1235 3944 τοῦ

107 3975 232 4056 δέοντος
255 3980 291 4048 έν
317 3981 471 4057 πολλοῖς.
519 3983 594 4046 8975
618 3979 813 4066 ἐνδεεστέρα
837 3985 897 4045 τοῦ
920 3979 1066 4057 δέοντος.

186 4103 215 4167 p.
230 4088 348 4150 975mss
370 4084 546 4169 Dionysius
561 4092 730 4168 postquam
745 4083 970 4150 Demosthenis
986 4083 1114 4149 dicendi
1129 4103 1230 4168 genus

111 4201 197 4262 quam
216 4188 337 4253 varium
361 4195 447 4252 esset
461 4186 617 4271 exposuit,
644 4186 724 4253 haee
739 4186 921 4270 subiungit:
943 4181 1023 4270 Ἐγὼ
1038 4186 1101 4268 μέν
1115 4184 1231 4253 τοιαύ-

112 4307 168 4369 την
187 4287 256 4354 τινὰ
278 4288 382 4370 δόξαν
403 4283 490 4376 ὑπὲρ
514 4296 571 4376 της
595 4293 842 4376 Δημοσθένους
863 4289 984 4368 λέξειας
1007 4287 1072 4370 έχω
1095 4286 1234 4356 καὶτὸν
