3182 5136
565 399 609 408 -
648 363 740 444 μα]
787 397 831 408 -
1204 365 1265 428 193

129 547 376 636 Ἀριστοτέλης.
417 550 631 616 Librariorum
649 569 784 616 errorem
804 549 899 614 tollas
921 543 1024 635 μήθ’
1043 545 1150 615 ὅτι-
1167 545 1263 639 μήθ’

130 647 185 718 ὅτι
215 654 411 732 rescribens;
445 653 485 720 cf.
511 675 544 738 p.
563 657 639 718 5773
670 654 726 717 καί
757 646 825 718 οὔτ’
846 649 1068 738 Ἀριστοτέλει
1096 659 1267 738 πείθομαι

131 808 136 820 .
158 807 165 820 .
191 808 197 820 .
224 776 309 822 vers.
328 781 340 820 r
364 750 435 822 οὔτ’
454 751 628 843 Ἀφαρεῖψ.
650 807 656 821 .
678 807 684 820 .
711 760 925 838 συντίθεμαι.

217 881 249 944 p.
269 863 388 924 584nss
415 857 460 924 Τὸ
486 867 596 946 σχῆμα
619 867 677 947 τῆς
699 861 820 939 λέξειας
842 857 877 924 ἔκ
893 866 958 926 τῶν
974 857 1204 928 ἐπιδεικτικῶν
1220 862 1268 928 εἴ·

128 963 261 1049 ληπται
282 960 505 1049 παρισώσεων
526 965 583 1028 καί
605 961 882 1050 παρομοιώσεων.
912 961 949 1028 τό
973 987 1009 1048 με
1033 953 1094 1030 οὖν
1118 963 1267 1048 „irreper—

130 1070 248 1153 ροίην“
275 1067 331 1130 καὶ
355 1071 586 1153 ,,τραποίμην“
611 1067 667 1131 καί
692 1065 993 1153 »είσπλευοοίμηνίί
1024 1065 1060 1132 ἐν
1083 1065 1132 1134 ἑνί
1153 1073 1266 1156 χωρίῳ

128 1173 269 1252 κείμενα
285 1169 342 1234 καί
358 1176 424 1236 τῶν
439 1166 554 1237 κώλων
569 1177 670 1256 τριῶν
685 1164 793 1236 άντων
808 1168 845 1234 τὸ
861 1169 933 1252 μὲν
947 1177 1051 1256 μῆκος
1066 1170 1142 1236 ἰ’σον
1156 1166 1269 1258 ὑπάρ-

129 1295 195 1354 χον
217 1269 379 1359 τεκμήρια
402 1279 460 1360 τῆς
480 1266 692 1360 Ἰσοκράτους
714 1279 921 1360 κατασκευῆς
945 1271 1025 1338 ἐστι.
1073 1274 1267 1340 Particulam

130 1380 205 1458 μέν,
233 1375 309 1458 quia
333 1375 369 1440 δέ
391 1397 454 1442 non
478 1377 627 1460 sequitur,
655 1376 796 1461 spuriam
820 1395 891 1441 esse
914 1375 1031 1441 iudico.

590 1583 717 1649 vV.

511 1705 550 1755 In
567 1703 721 1781 iudicium
739 1703 777 1755 de
794 1705 894 1756 Isaeo.

221 1823 258 1886 P.
278 1824 384 1887 5871ss
409 1827 438 1887 Γ
438 1827 578 1899 ενέσεως
600 1823 636 1888 δὲ
659 1824 716 1887 καὶ
738 1823 892 1910 τελευτῆς
915 1825 974 1888 τοῦ
993 1819 1133 1910 ῥήτορος
1150 1818 1268 1912 ἀκριβῆ

133 1920 260 2010 χρόνον
282 1923 393 1990 εἰπεῖν
415 1919 474 1990 οὐκ
497 1925 573 2007 ἔχω,
601 1921 678 1991 οὐδὲ
702 1924 741 2012 δὴ
765 1926 845 2012 περὶ
868 1932 927 1990 τοῦ
945 1929 1024 2007 βίου
1039 1919 1182 2013 τάνδρὸς
1199 1923 1270 2003 οἶός

135 2049 187 2102 τις
208 2015 259 2113 ἦν,
295 2022 372 2093 οὐδὲ
395 2029 475 2114 περί
498 2036 555 2116 τῆς
570 2033 802 2115 προαιρέσεως
817 2035 883 2092 τῶν
898 2026 1164 2112 πολιτευμάτων,
1192 2024 1270 2096 οὐδὲ
1359 2033 1360 2036 ’

135 2123 243 2216 ἀρχὴν
265 2129 295 2196 εί
317 2129 493 2217 προείλετό
517 2157 593 2197 τινα
615 2127 635 2219 ἢ
658 2132 849 2214 πολιτείαν,
881 2125 955 2196 οὐδ’
981 2125 1067 2208 ὅλως
1097 2133 1177 2217 περὶ
1205 2139 1272 2199 των

135 2230 301 2300 τοιούτων
326 2229 463 2311 οὐδενὸς
491 2231 548 2300 διὰ
575 2232 613 2300 τὸ
642 2235 789 2322 μηδεμιᾷ
799 2239 818 2319 ¹)
846 2231 983 2319 τοιαύτῃ
1014 2233 1273 2320 περιτυγχάνειν

137 2333 281 2423 ἱστορίᾳ.
329 2339 519 2423 Sylburgius
541 2340 575 2404 in
597 2339 704 2405 verbis
728 2333 805 2404 οὐδὲ
828 2333 934 2424 ἀρχὴν
954 2375 996 2388 -
1018 2339 1195 2406 πολιτείαν
1210 2340 1272 2406 ali-

137 2461 197 2523 quo
220 2441 317 2507 modo
340 2437 506 2508 offendens
528 2435 689 2526 particula
711 2438 732 2529 ἤ
758 2449 917 2527 expuncta
947 2435 1024 2508 odet
1053 2435 1159 2530 ἀρχήν
1185 2443 1271 2509 idem

136 2562 208 2610 esse
232 2545 301 2610 vult
323 2551 419 2628 atque
444 2565 522 2626 „nec
545 2545 708 2621 cmnino“;
735 2543 794 2612 sed
807 2552 841 2610 ut
856 2545 936 2610 nihil
950 2543 1056 2612 dicam
1073 2546 1160 2611 dcvi
1177 2545 1271 2613 huius

138 2648 215 2730 ooli,
243 2668 325 2730 quae
347 2655 476 2733 propter
501 2647 673 2732 insequens
697 2642 770 2714 οὐδ’
797 2642 883 2725 ὅλως
911 2649 1001 2714 nulla
1030 2655 1096 2731 est,
1129 2669 1168 2715 ea
1199 2650 1273 2734 ipsa

137 2751 305 2816 verborum
337 2745 415 2817 οὐδὲ
450 2745 556 2838 ἀρχήν
590 2751 782 2835 significatio
816 2773 837 2816 a
866 2751 1014 2835 Dionysii
1044 2753 1272 2818 consuetudine

138 2853 234 2936 plane
256 2853 365 2919 aliena
395 2860 453 2920 est.
479 2856 613 2938 'Itaque
642 2854 683 2920 de
707 2855 839 2938 integro
862 2855 969 2939 potius
999 2855 1163 2920 enuntiato
1194 2849 1272 2920 οὐδὲ

140 2949 245 3042 ἀρχὴν
268 2955 298 3020 εἰ
320 2955 496 3043 προείλετό
521 2982 597 3024 τινα
619 2953 639 3046 ἢ
662 2959 838 3024 πολιτείαν
859 2956 1036 3022 videamus.

224 3059 305 3124 Cum
328 3068 475 3144 quattuor
497 3061 561 3126 sint
583 3062 654 3127 cola
675 3062 717 3126 ab
741 3055 818 3125 οὐδὲ
840 3060 995 3125 vocabulo
1023 3058 1228 3142 incipientia,
1254 3079 1272 3125 e

139 3161 288 3247 Dionysii
311 3163 345 3228 in
369 3163 540 3229 enuntiatis
564 3163 724 3230 struendis
746 3161 976 3246 aequabilitate
1002 3182 1059 3246 pro
1089 3168 1175 3226 certo
1205 3161 1272 3227 fere

139 3264 304 3331 habuerim
327 3286 399 3332 cum
420 3267 454 3331 in
477 3267 571 3332 tertio
586 3287 710 3350 quoquc
729 3267 797 3332 colo
821 3264 1054 3330 substantivum
1078 3285 1118 3330 ex
1134 3284 1274 3348 praepo-

140 3369 254 3436 sitione
277 3373 359 3456 περί
380 3371 536 3454 pendens,
565 3391 629 3435 non
650 3370 808 3462 integrum
831 3369 1030 3434 enuntiatum
1059 3361 1145 3452 (οὐδὲ
1169 3361 1274 3454 ἀρχὴν
1316 3423 1320 3431 .

142 3471 171 3537 εἰ
191 3469 370 3560 προείλετό
393 3497 468 3539 τινα
491 3469 511 3560 ἢ
533 3473 719 3558 πολιτείαν)
740 3472 933 3564 scripturum
955 3471 1068 3546 fuisse,
1094 3492 1166 3536 cum
1181 3491 1275 3556 prae-

143 3579 250 3642 sertim
274 3577 333 3644 hoc
355 3578 447 3643 colon
470 3598 533 3642 non
549 3577 696 3643 ultimum
718 3577 824 3642 locum
845 3581 963 3640 teneat.
1002 3573 1054 3638 Ad
1067 3573 1151 3640 hano
1168 3574 1275 3660 suspi-

144 3681 243 3747 tionis
266 3701 398 3748 eausam
420 3702 437 3746 c
459 3681 627 3746 verborum
655 3686 815 3746 structura
841 3678 973 3763 petitam
1003 3678 1068 3742 alia
1096 3677 1220 3744 accedit
1243 3685 1275 3743 et

145 3785 270 3866 gravior
292 3791 325 3851 et
345 3805 428 3868 quae
450 3785 521 3850 sola
542 3783 760 3867 quaestionem
783 3782 932 3848 dirimere
954 3782 1066 3868 possit.

227 3907 336 3972 Verba
358 3899 435 3971 οὐδὲ
459 3895 564 3991 ἀρχὴν
584 3943 628 3952 -
650 3904 827 3968 πολιτείαν
849 3921 1041 3984 quamquam
1060 3907 1169 3985 aperte
1191 3885 1275 3966 idem

150 4007 206 4072 sibi
241 4008 387 4074 volunt
416 4013 513 4092 atq'ue
548 4007 693 4092 proxime
726 4003 954 4090 praecedentia
986 4003 1066 4089 περὶ
1099 4009 1157 4088 τῆς
1189 4023 1276 4087 προ-

219 4200 234 4261 Ι)
255 4197 378 4269 μηδεμιᾷ
389 4196 505 4264 Krucg.,
526 4196 653 4265 spicileg.
668 4194 785 4248 coniect.
805 4207 833 4260 p.
847 4194 896 4244 40:
916 4190 987 4262 μηδὲ
1004 4190 1100 4256 codd.;
1122 4187 1158 4244 cf.
1172 4204 1199 4256 p.
1207 4189 1274 4240 4509

154 4277 203 4349 ἐγὼ
219 4286 290 4352 γοῦν
308 4281 427 4354 οὐδεμιᾷ
444 4277 558 4350 τοιαύτῃ
577 4276 733 4352 περιτυχὼν
751 4271 816 4332 olda
833 4279 942 4349 γραφῇ.

1037 4380 1067 4429 13
