<?xml version="1.0" encoding="UTF-8"?>
<!DOCTYPE html PUBLIC "-//W3C//DTD XHTML 1.0 Transitional//EN"
    "http://www.w3.org/TR/xhtml1/DTD/xhtml1-transitional.dtd">
<html xmlns="http://www.w3.org/1999/xhtml" xml:lang="en" lang="en">
 <head>
  <title>
</title>
<meta http-equiv="Content-Type" content="text/html;charset=utf-8" />
  <meta name='ocr-system' content='tesseract 3.04.00' />
  <meta name='ocr-capabilities' content='ocr_page ocr_carea ocr_par ocr_line ocrx_word'/>
</head>
<body>
  <div class='ocr_page' id='page_1' title='image "./dedionysiihalic00sadgoog_0191.png"; bbox 0 0 3182 5136; ppageno 0'>
   <div class='ocr_carea' id='block_1_1' title="bbox 255 374 955 458">
    <p class='ocr_par' dir='ltr' id='par_1_1' title="bbox 255 374 955 458">
     <span class='ocr_line' id='line_1_1' title="bbox 255 374 955 458; baseline -0.007 -16"><span class='ocrx_word' id='word_1_1' title='bbox 255 381 315 446; x_wconf 80' lang='grc'><strong><em>111</em></strong></span> <span class='ocrx_word' id='word_1_2' title='bbox 688 410 732 422; x_wconf 88' lang='grc'>-</span> <span class='ocrx_word' id='word_1_3' title='bbox 780 374 863 458; x_wconf 78' lang='grc' dir='ltr'><strong><em>[κιο]</em></strong></span> <span class='ocrx_word' id='word_1_4' title='bbox 911 411 955 422; x_wconf 91' lang='grc'>-</span> 
     </span>
    </p>
   </div>
   <div class='ocr_carea' id='block_1_2' title="bbox 164 549 1432 1264">
    <p class='ocr_par' dir='ltr' id='par_1_2' title="bbox 252 549 1432 956">
     <span class='ocr_line' id='line_1_2' title="bbox 339 549 1403 650; baseline -0.008 -22"><span class='ocrx_word' id='word_1_5' title='bbox 339 586 372 650; x_wconf 90' lang='lat' dir='ltr'><strong><em>p.</em></strong></span> <span class='ocrx_word' id='word_1_6' title='bbox 391 567 498 628; x_wconf 84' lang='grc'>490111</span> <span class='ocrx_word' id='word_1_7' title='bbox 523 561 608 627; x_wconf 85' lang='grc' dir='ltr'><strong><em>Τοτὲ</em></strong></span> <span class='ocrx_word' id='word_1_8' title='bbox 630 560 779 648; x_wconf 79' lang='grc' dir='ltr'><strong><em>μὲνγὰρ</em></strong></span> <span class='ocrx_word' id='word_1_9' title='bbox 803 555 873 626; x_wconf 85' lang='grc' dir='ltr'><strong><em>άπὸ</em></strong></span> <span class='ocrx_word' id='word_1_10' title='bbox 897 567 958 626; x_wconf 81' lang='grc' dir='ltr'><strong><em>τοῦ</em></strong></span> <span class='ocrx_word' id='word_1_11' title='bbox 981 559 1070 626; x_wconf 85' lang='grc' dir='ltr'><strong><em>ἰδίου</em></strong></span> <span class='ocrx_word' id='word_1_12' title='bbox 1093 549 1238 624; x_wconf 76' lang='grc' dir='ltr'><strong><em>ἐπαίνου</em></strong></span> <span class='ocrx_word' id='word_1_13' title='bbox 1261 551 1313 643; x_wconf 57' lang='grc' dir='ltr'><strong><em>δέ)</em></strong></span> <span class='ocrx_word' id='word_1_14' title='bbox 1342 556 1403 621; x_wconf 87' lang='grc' dir='ltr'><strong><em>λέ-</em></strong></span> 
     </span>
     <span class='ocr_line' id='line_1_3' title="bbox 253 654 1432 753; baseline -0.007 -21"><span class='ocrx_word' id='word_1_15' title='bbox 253 691 324 753; x_wconf 93' lang='grc' dir='ltr'><strong><em>γων</em></strong></span> <span class='ocrx_word' id='word_1_16' title='bbox 346 661 429 733; x_wconf 82' lang='grc' dir='ltr'><strong><em>αὐτὸ</em></strong></span> <span class='ocrx_word' id='word_1_17' title='bbox 439 668 461 751; x_wconf 78' lang='lat'><strong><em>²)</em></strong></span> <span class='ocrx_word' id='word_1_18' title='bbox 490 663 645 752; x_wconf 78' lang='grc' dir='ltr'><strong><em>ἄρχεται,</em></strong></span> <span class='ocrx_word' id='word_1_19' title='bbox 671 665 747 732; x_wconf 81' lang='grc' dir='ltr'><strong><em>τοτὲ</em></strong></span> <span class='ocrx_word' id='word_1_20' title='bbox 771 665 807 730; x_wconf 78' lang='grc' dir='ltr'><strong><em>δὲ</em></strong></span> <span class='ocrx_word' id='word_1_21' title='bbox 830 658 900 730; x_wconf 89' lang='grc' dir='ltr'><strong><em>άπδ</em></strong></span> <span class='ocrx_word' id='word_1_22' title='bbox 931 671 990 750; x_wconf 80' lang='grc' dir='ltr'><strong><em>τῆς</em></strong></span> <span class='ocrx_word' id='word_1_23' title='bbox 1020 662 1180 750; x_wconf 79' lang='grc' dir='ltr'><strong><em>διαβολῆς</em></strong></span> <span class='ocrx_word' id='word_1_24' title='bbox 1210 667 1273 726; x_wconf 80' lang='grc' dir='ltr'><strong><em>τοῦ</em></strong></span> <span class='ocrx_word' id='word_1_25' title='bbox 1304 654 1432 726; x_wconf 63' lang='grc' dir='ltr'><strong><em>ἄντι-ι</em></strong></span> 
     </span>
     <span class='ocr_line' id='line_1_4' title="bbox 252 761 1404 851; baseline -0.004 -17"><span class='ocrx_word' id='word_1_26' title='bbox 252 769 359 835; x_wconf 86' lang='grc' dir='ltr'><strong><em>δίκοο.</em></strong></span> <span class='ocrx_word' id='word_1_27' title='bbox 413 768 504 846; x_wconf 81' lang='lat' dir='ltr'>Quae</span> <span class='ocrx_word' id='word_1_28' title='bbox 532 768 574 834; x_wconf 83' lang='lat' dir='ltr'>eit</span> <span class='ocrx_word' id='word_1_29' title='bbox 603 768 654 834; x_wconf 86' lang='lat' dir='ltr'><strong><em>vis</em></strong></span> <span class='ocrx_word' id='word_1_30' title='bbox 683 768 773 836; x_wconf 81' lang='lat' dir='ltr'>roais</span> <span class='ocrx_word' id='word_1_31' title='bbox 803 761 885 834; x_wconf 80' lang='grc' dir='ltr'><strong><em>αὐτό</em></strong></span> <span class='ocrx_word' id='word_1_32' title='bbox 917 787 989 834; x_wconf 87' lang='lat' dir='ltr'>eum</span> <span class='ocrx_word' id='word_1_33' title='bbox 1017 785 1082 832; x_wconf 87' lang='lat' dir='ltr'>nen</span> <span class='ocrx_word' id='word_1_34' title='bbox 1111 770 1287 851; x_wconf 79' lang='lat' dir='ltr'>appareat,</span> <span class='ocrx_word' id='word_1_35' title='bbox 1323 783 1404 830; x_wconf 84' lang='lat' dir='ltr'>eam</span> 
     </span>
     <span class='ocr_line' id='line_1_5' title="bbox 253 867 1406 956; baseline -0.006 -16"><span class='ocrx_word' id='word_1_36' title='bbox 253 872 426 940; x_wconf 83' lang='lat' dir='ltr'>delendam</span> <span class='ocrx_word' id='word_1_37' title='bbox 456 892 529 938; x_wconf 88' lang='lat' dir='ltr'>esse</span> <span class='ocrx_word' id='word_1_38' title='bbox 558 891 685 938; x_wconf 78' lang='lat' dir='ltr'>denseo.</span> <span class='ocrx_word' id='word_1_39' title='bbox 732 872 846 956; x_wconf 88' lang='lat' dir='ltr'>Neque</span> <span class='ocrx_word' id='word_1_40' title='bbox 875 870 961 938; x_wconf 90' lang='lat' dir='ltr'>enim</span> <span class='ocrx_word' id='word_1_41' title='bbox 990 870 1189 949; x_wconf 77' lang='lat' dir='ltr'>coniectura,</span> <span class='ocrx_word' id='word_1_42' title='bbox 1224 887 1308 951; x_wconf 85' lang='lat' dir='ltr'>quae</span> <span class='ocrx_word' id='word_1_43' title='bbox 1333 867 1406 933; x_wconf 85' lang='lat' dir='ltr'>hae</span> 
     </span>
    </p>

    <p class='ocr_par' dir='ltr' id='par_1_3' title="bbox 164 967 1406 1264">
     <span class='ocr_line' id='line_1_6' title="bbox 164 967 1406 1056; baseline -0.005 -15"><span class='ocrx_word' id='word_1_44' title='bbox 164 996 169 1004; x_wconf 88' lang='lat'><strong>·</strong></span> <span class='ocrx_word' id='word_1_45' title='bbox 251 995 331 1041; x_wconf 81' lang='lat' dir='ltr'>voce</span> <span class='ocrx_word' id='word_1_46' title='bbox 354 975 465 1040; x_wconf 84' lang='lat' dir='ltr'>nititur</span> <span class='ocrx_word' id='word_1_47' title='bbox 486 973 672 1040; x_wconf 82' lang='lat' dir='ltr'>Marklandi</span> <span class='ocrx_word' id='word_1_48' title='bbox 694 967 808 1055; x_wconf 82' lang='grc' dir='ltr'><strong><em>αὐτός,</em></strong></span> <span class='ocrx_word' id='word_1_49' title='bbox 833 980 866 1040; x_wconf 84' lang='lat' dir='ltr'>et</span> <span class='ocrx_word' id='word_1_50' title='bbox 887 993 959 1040; x_wconf 89' lang='lat' dir='ltr'>eam</span> <span class='ocrx_word' id='word_1_51' title='bbox 981 971 1132 1038; x_wconf 85' lang='lat' dir='ltr'>Reiskius</span> <span class='ocrx_word' id='word_1_52' title='bbox 1155 971 1290 1056; x_wconf 81' lang='lat' dir='ltr'>recepit,</span> <span class='ocrx_word' id='word_1_53' title='bbox 1319 991 1406 1036; x_wconf 82' lang='lat' dir='ltr'>sen-</span> 
     </span>
     <span class='ocr_line' id='line_1_7' title="bbox 252 1075 1400 1160; baseline -0.005 -16"><span class='ocrx_word' id='word_1_54' title='bbox 252 1078 373 1144; x_wconf 81' lang='lat' dir='ltr'>tentiae</span> <span class='ocrx_word' id='word_1_55' title='bbox 394 1077 563 1160; x_wconf 80' lang='lat' dir='ltr'>flagitatae</span> <span class='ocrx_word' id='word_1_56' title='bbox 586 1077 665 1142; x_wconf 87' lang='lat' dir='ltr'>satis</span> <span class='ocrx_word' id='word_1_57' title='bbox 687 1076 777 1144; x_wconf 79' lang='lat' dir='ltr'>feeit.</span> <span class='ocrx_word' id='word_1_58' title='bbox 824 1075 919 1142; x_wconf 77' lang='lat' dir='ltr'>Certe</span> <span class='ocrx_word' id='word_1_59' title='bbox 948 1076 1084 1142; x_wconf 80' lang='lat' dir='ltr'>moleste</span> <span class='ocrx_word' id='word_1_60' title='bbox 1111 1075 1285 1141; x_wconf 85' lang='lat' dir='ltr'>adderetur</span> <span class='ocrx_word' id='word_1_61' title='bbox 1307 1094 1400 1155; x_wconf 87' lang='lat' dir='ltr'>eum,</span> 
     </span>
     <span class='ocr_line' id='line_1_8' title="bbox 254 1177 1119 1264; baseline -0.007 -18"><span class='ocrx_word' id='word_1_62' title='bbox 254 1181 309 1264; x_wconf 90' lang='lat' dir='ltr'><strong><em>qui</em></strong></span> <span class='ocrx_word' id='word_1_63' title='bbox 330 1181 430 1247; x_wconf 88' lang='lat' dir='ltr'>verba</span> <span class='ocrx_word' id='word_1_64' title='bbox 451 1180 559 1264; x_wconf 85' lang='lat' dir='ltr'>faeiat,</span> <span class='ocrx_word' id='word_1_65' title='bbox 593 1179 699 1263; x_wconf 87' lang='lat' dir='ltr'>ipsum</span> <span class='ocrx_word' id='word_1_66' title='bbox 721 1178 863 1264; x_wconf 85' lang='lat' dir='ltr'>iueipere</span> <span class='ocrx_word' id='word_1_67' title='bbox 886 1199 907 1244; x_wconf 88' lang='lat' dir='ltr'>a</span> <span class='ocrx_word' id='word_1_68' title='bbox 928 1197 989 1244; x_wconf 86' lang='lat' dir='ltr'><strong><em>sua</em></strong></span> <span class='ocrx_word' id='word_1_69' title='bbox 1009 1177 1119 1244; x_wconf 89' lang='lat' dir='ltr'>laude.</span> 
     </span>
    </p>
   </div>
   <div class='ocr_carea' id='block_1_3' title="bbox 163 1336 1410 2991">
    <p class='ocr_par' dir='ltr' id='par_1_4' title="bbox 253 1336 1407 1739">
     <span class='ocr_line' id='line_1_9' title="bbox 340 1336 1406 1427; baseline -0.003 -21"><span class='ocrx_word' id='word_1_70' title='bbox 340 1364 372 1427; x_wconf 90' lang='lat' dir='ltr'><strong><em>p.</em></strong></span> <span class='ocrx_word' id='word_1_71' title='bbox 391 1346 498 1406; x_wconf 84' lang='grc'>490111</span> <span class='ocrx_word' id='word_1_72' title='bbox 521 1342 594 1425; x_wconf 85' lang='lat' dir='ltr'>lego</span> <span class='ocrx_word' id='word_1_73' title='bbox 617 1341 692 1406; x_wconf 84' lang='grc' dir='ltr'><strong><em>τοτὲ</em></strong></span> <span class='ocrx_word' id='word_1_74' title='bbox 712 1341 748 1406; x_wconf 81' lang='grc' dir='ltr'><strong><em>δέ</em></strong></span> <span class='ocrx_word' id='word_1_75' title='bbox 765 1336 846 1406; x_wconf 87' lang='grc' dir='ltr'><strong><em>άλλο</em></strong></span> <span class='ocrx_word' id='word_1_76' title='bbox 862 1364 896 1406; x_wconf 91' lang='grc' dir='ltr'><strong><em>τι</em></strong></span> <span class='ocrx_word' id='word_1_77' title='bbox 909 1337 1197 1420; x_wconf 78' lang='grc' dir='ltr'><strong><em>κατασκευάζεται</em></strong></span> <span class='ocrx_word' id='word_1_78' title='bbox 1212 1345 1278 1404; x_wconf 91' lang='grc' dir='ltr'><strong><em>τῶν</em></strong></span> <span class='ocrx_word' id='word_1_79' title='bbox 1293 1339 1406 1405; x_wconf 87' lang='grc' dir='ltr'><strong><em>δυνα-</em></strong></span> 
     </span>
     <span class='ocr_line' id='line_1_10' title="bbox 254 1437 1406 1531; baseline -0.003 -21"><span class='ocrx_word' id='word_1_80' title='bbox 254 1450 367 1527; x_wconf 91' lang='grc' dir='ltr'><strong><em>μένων</em></strong></span> <span class='ocrx_word' id='word_1_81' title='bbox 389 1438 521 1510; x_wconf 76' lang='grc' dir='ltr'><strong><em>αὑτὸν</em></strong></span> <span class='ocrx_word' id='word_1_82' title='bbox 548 1443 663 1528; x_wconf 76' lang='grc' dir='ltr'><strong><em>[αυτὸν</em></strong></span> <span class='ocrx_word' id='word_1_83' title='bbox 684 1445 711 1509; x_wconf 82' lang='lat' dir='ltr'>F</span> <span class='ocrx_word' id='word_1_84' title='bbox 735 1439 840 1510; x_wconf 79' lang='grc' dir='ltr'><strong><em>αὐτὸν</em></strong></span> <span class='ocrx_word' id='word_1_85' title='bbox 860 1445 939 1528; x_wconf 77' lang='lat' dir='ltr'><strong><em>MR]</em></strong></span> <span class='ocrx_word' id='word_1_86' title='bbox 966 1443 1029 1527; x_wconf 83' lang='grc' dir='ltr'><strong><em>μέν</em></strong></span> <span class='ocrx_word' id='word_1_87' title='bbox 1051 1437 1241 1531; x_wconf 81' lang='grc' dir='ltr'><strong><em>ὠφελῆσαι,</em></strong></span> <span class='ocrx_word' id='word_1_88' title='bbox 1276 1440 1336 1507; x_wconf 85' lang='grc' dir='ltr'><strong><em>τὸν</em></strong></span> <span class='ocrx_word' id='word_1_89' title='bbox 1362 1442 1406 1507; x_wconf 83' lang='grc' dir='ltr'><strong><em>δὲ</em></strong></span> 
     </span>
     <span class='ocr_line' id='line_1_11' title="bbox 255 1541 1407 1633; baseline 0.001 -22"><span class='ocrx_word' id='word_1_90' title='bbox 255 1541 427 1613; x_wconf 78' lang='grc' dir='ltr'><strong><em>ἀντίδικον</em></strong></span> <span class='ocrx_word' id='word_1_91' title='bbox 449 1545 644 1612; x_wconf 78' lang='grc' dir='ltr'><strong><em>ἐλαττῶσαι.</em></strong></span> <span class='ocrx_word' id='word_1_92' title='bbox 683 1547 774 1612; x_wconf 86' lang='lat' dir='ltr'>Idem</span> <span class='ocrx_word' id='word_1_93' title='bbox 789 1547 900 1613; x_wconf 85' lang='lat' dir='ltr'>vitium</span> <span class='ocrx_word' id='word_1_94' title='bbox 916 1548 1011 1612; x_wconf 87' lang='lat' dir='ltr'>tollas</span> <span class='ocrx_word' id='word_1_95' title='bbox 1033 1569 1064 1632; x_wconf 92' lang='lat' dir='ltr'><strong><em>p.</em></strong></span> <span class='ocrx_word' id='word_1_96' title='bbox 1086 1550 1163 1611; x_wconf 84' lang='grc'>6361</span> <span class='ocrx_word' id='word_1_97' title='bbox 1186 1544 1248 1633; x_wconf 79' lang='grc' dir='ltr'><strong><em>την</em></strong></span> <span class='ocrx_word' id='word_1_98' title='bbox 1263 1543 1407 1633; x_wconf 90' lang='grc' dir='ltr'><strong><em>βλάβην</em></strong></span> 
     </span>
     <span class='ocr_line' id='line_1_12' title="bbox 253 1644 1406 1739; baseline 0.002 -25"><span class='ocrx_word' id='word_1_99' title='bbox 253 1648 315 1738; x_wconf 81' lang='grc' dir='ltr'><strong><em>την</em></strong></span> <span class='ocrx_word' id='word_1_100' title='bbox 344 1655 528 1739; x_wconf 89' lang='grc' dir='ltr'><strong><em>γενομένην</em></strong></span> <span class='ocrx_word' id='word_1_101' title='bbox 558 1644 668 1735; x_wconf 80' lang='grc' dir='ltr'><strong><em>αὑτῷ</em></strong></span> <span class='ocrx_word' id='word_1_102' title='bbox 698 1648 755 1716; x_wconf 87' lang='grc' dir='ltr'><strong><em>διδτ</em></strong></span> <span class='ocrx_word' id='word_1_103' title='bbox 776 1651 953 1736; x_wconf 73' lang='grc' dir='ltr'><strong><em>Προξένου</em></strong></span> <span class='ocrx_word' id='word_1_104' title='bbox 981 1647 1178 1737; x_wconf 81' lang='grc' dir='ltr'><strong><em>δεδήλωκεν,</em></strong></span> <span class='ocrx_word' id='word_1_105' title='bbox 1211 1650 1406 1716; x_wconf 79' lang='lat' dir='ltr'>Dinarchus</span> 
     </span>
    </p>

    <p class='ocr_par' dir='ltr' id='par_1_5' title="bbox 176 1751 1408 2141">
     <span class='ocr_line' id='line_1_13' title="bbox 176 1751 1402 1839; baseline -0.003 -17"><span class='ocrx_word' id='word_1_106' title='bbox 176 1769 181 1787; x_wconf 70' lang='lat'>⁸</span> <span class='ocrx_word' id='word_1_107' title='bbox 255 1755 340 1822; x_wconf 88' lang='lat' dir='ltr'>enim</span> <span class='ocrx_word' id='word_1_108' title='bbox 362 1755 404 1820; x_wconf 88' lang='lat' dir='ltr'>de</span> <span class='ocrx_word' id='word_1_109' title='bbox 426 1754 544 1820; x_wconf 87' lang='lat' dir='ltr'>damno</span> <span class='ocrx_word' id='word_1_110' title='bbox 569 1753 632 1839; x_wconf 86' lang='lat' dir='ltr'>ipsi</span> <span class='ocrx_word' id='word_1_111' title='bbox 653 1754 745 1819; x_wconf 80' lang='lat' dir='ltr'>illato</span> <span class='ocrx_word' id='word_1_112' title='bbox 767 1753 924 1836; x_wconf 86' lang='lat' dir='ltr'>loquitur,</span> <span class='ocrx_word' id='word_1_113' title='bbox 958 1760 990 1818; x_wconf 84' lang='lat' dir='ltr'>et</span> <span class='ocrx_word' id='word_1_114' title='bbox 1010 1776 1043 1839; x_wconf 89' lang='lat' dir='ltr'><strong><em>p.</em></strong></span> <span class='ocrx_word' id='word_1_115' title='bbox 1063 1756 1183 1818; x_wconf 82' lang='grc'>8971111</span> <span class='ocrx_word' id='word_1_116' title='bbox 1207 1751 1332 1818; x_wconf 81' lang='grc' dir='ltr'><strong><em>ἐκεῖνοι</em></strong></span> <span class='ocrx_word' id='word_1_117' title='bbox 1359 1803 1367 1817; x_wconf 95' lang='grc'><strong><em>.</em></strong></span> <span class='ocrx_word' id='word_1_118' title='bbox 1394 1803 1402 1817; x_wconf 95' lang='grc'><strong><em>.</em></strong></span> 
     </span>
     <span class='ocr_line' id='line_1_14' title="bbox 255 1850 1407 1943; baseline 0 -21"><span class='ocrx_word' id='word_1_119' title='bbox 255 1855 371 1934; x_wconf 89' lang='grc' dir='ltr'><strong><em>πάσας</em></strong></span> <span class='ocrx_word' id='word_1_120' title='bbox 400 1856 461 1934; x_wconf 84' lang='grc' dir='ltr'><strong><em>τὰς</em></strong></span> <span class='ocrx_word' id='word_1_121' title='bbox 491 1853 629 1943; x_wconf 81' lang='grc' dir='ltr'><strong><em>ἀρετὰς,</em></strong></span> <span class='ocrx_word' id='word_1_122' title='bbox 668 1850 796 1922; x_wconf 83' lang='grc' dir='ltr'><strong><em>ὁπόσαι</em></strong></span> <span class='ocrx_word' id='word_1_123' title='bbox 826 1861 978 1941; x_wconf 89' lang='grc' dir='ltr'><strong><em>γίνονται</em></strong></span> <span class='ocrx_word' id='word_1_124' title='bbox 1007 1857 1086 1943; x_wconf 87' lang='grc' dir='ltr'><strong><em>περὶ</em></strong></span> <span class='ocrx_word' id='word_1_125' title='bbox 1112 1853 1250 1942; x_wconf 86' lang='grc' dir='ltr'><strong><em>μορφὰς</em></strong></span> <span class='ocrx_word' id='word_1_126' title='bbox 1273 1851 1407 1943; x_wconf 80' lang='grc' dir='ltr'><strong><em>εὐπρε-</em></strong></span> 
     </span>
     <span class='ocr_line' id='line_1_15' title="bbox 255 1953 1408 2045; baseline 0 -21"><span class='ocrx_word' id='word_1_127' title='bbox 255 1971 353 2042; x_wconf 90' lang='grc' dir='ltr'><strong><em>πεῖς,</em></strong></span> <span class='ocrx_word' id='word_1_128' title='bbox 394 1972 469 2035; x_wconf 89' lang='grc' dir='ltr'><strong><em>ταῖς</em></strong></span> <span class='ocrx_word' id='word_1_129' title='bbox 502 1958 858 2041; x_wconf 81' lang='grc' dir='ltr'><strong><em>καταδεδουλωμέναις</em></strong></span> <span class='ocrx_word' id='word_1_130' title='bbox 895 1953 1052 2035; x_wconf 81' lang='grc' dir='ltr'><strong><em>αὑτοὺς</em></strong></span> <span class='ocrx_word' id='word_1_131' title='bbox 1086 1970 1268 2045; x_wconf 92' lang='grc' dir='ltr'><strong><em>προσεῖναι</em></strong></span> <span class='ocrx_word' id='word_1_132' title='bbox 1299 1964 1408 2041; x_wconf 90' lang='grc' dir='ltr'><strong><em>νομί-</em></strong></span> 
     </span>
     <span class='ocr_line' id='line_1_16' title="bbox 256 2059 1315 2141; baseline 0.001 -15"><span class='ocrx_word' id='word_1_133' title='bbox 256 2061 362 2141; x_wconf 89' lang='grc' dir='ltr'><strong><em>ζουσι.</em></strong></span> <span class='ocrx_word' id='word_1_134' title='bbox 1312 2059 1315 2066; x_wconf 68' lang='grc'>’</span> 
     </span>
    </p>

    <p class='ocr_par' dir='ltr' id='par_1_6' title="bbox 255 2176 1410 2372">
     <span class='ocr_line' id='line_1_17' title="bbox 341 2176 1409 2271; baseline 0.007 -27"><span class='ocrx_word' id='word_1_135' title='bbox 341 2201 374 2266; x_wconf 94' lang='lat' dir='ltr'><strong><em>p.</em></strong></span> <span class='ocrx_word' id='word_1_136' title='bbox 394 2184 485 2245; x_wconf 86' lang='grc'>49411</span> <span class='ocrx_word' id='word_1_137' title='bbox 515 2183 608 2265; x_wconf 88' lang='lat' dir='ltr'>lego:</span> <span class='ocrx_word' id='word_1_138' title='bbox 640 2177 802 2267; x_wconf 86' lang='grc' dir='ltr'><strong><em>κράτιστα</em></strong></span> <span class='ocrx_word' id='word_1_139' title='bbox 830 2179 893 2268; x_wconf 90' lang='grc' dir='ltr'><strong><em>γὰρ</em></strong></span> <span class='ocrx_word' id='word_1_140' title='bbox 917 2177 999 2270; x_wconf 77' lang='grc' dir='ltr'><strong><em>(ἂν)</em></strong></span> <span class='ocrx_word' id='word_1_141' title='bbox 1024 2176 1244 2262; x_wconf 77' lang='grc' dir='ltr'><strong><em>ἀποδείξαιτο</em></strong></span> <span class='ocrx_word' id='word_1_142' title='bbox 1272 2181 1409 2271; x_wconf 83' lang='grc' dir='ltr'><strong><em>ταύτην</em></strong></span> 
     </span>
     <span class='ocr_line' id='line_1_18' title="bbox 255 2277 1410 2372; baseline 0.003 -24"><span class='ocrx_word' id='word_1_143' title='bbox 255 2283 316 2371; x_wconf 79' lang='grc' dir='ltr'><strong><em>την</em></strong></span> <span class='ocrx_word' id='word_1_144' title='bbox 338 2283 433 2349; x_wconf 84' lang='grc' dir='ltr'><strong><em>ἰδέαν</em></strong></span> <span class='ocrx_word' id='word_1_145' title='bbox 455 2277 472 2348; x_wconf 87' lang='grc' dir='ltr'><strong><em>δ</em></strong></span> <span class='ocrx_word' id='word_1_146' title='bbox 496 2282 643 2366; x_wconf 89' lang='grc' dir='ltr'><strong><em>μάλιστα</em></strong></span> <span class='ocrx_word' id='word_1_147' title='bbox 666 2291 788 2351; x_wconf 81' lang='grc' dir='ltr'><strong><em>τοῦτον</em></strong></span> <span class='ocrx_word' id='word_1_148' title='bbox 809 2283 870 2353; x_wconf 92' lang='grc' dir='ltr'><strong><em>τδν</em></strong></span> <span class='ocrx_word' id='word_1_149' title='bbox 892 2280 999 2371; x_wconf 83' lang='grc' dir='ltr'><strong><em>άνδρα</em></strong></span> <span class='ocrx_word' id='word_1_150' title='bbox 1021 2282 1266 2372; x_wconf 81' lang='grc' dir='ltr'><strong><em>μιμησάμενος.</em></strong></span> <span class='ocrx_word' id='word_1_151' title='bbox 1308 2287 1410 2352; x_wconf 83' lang='lat' dir='ltr'>Ean-</span> 
     </span>
    </p>

    <p class='ocr_par' dir='ltr' id='par_1_7' title="bbox 163 2386 1409 2991">
     <span class='ocr_line' id='line_1_19' title="bbox 163 2386 1409 2476; baseline 0.002 -24"><span class='ocrx_word' id='word_1_152' title='bbox 163 2425 165 2428; x_wconf 95' lang='lat'>·</span> <span class='ocrx_word' id='word_1_153' title='bbox 255 2386 329 2453; x_wconf 85' lang='lat' dir='ltr'>dem</span> <span class='ocrx_word' id='word_1_154' title='bbox 351 2387 509 2454; x_wconf 84' lang='lat' dir='ltr'>medelam</span> <span class='ocrx_word' id='word_1_155' title='bbox 531 2387 686 2454; x_wconf 83' lang='lat' dir='ltr'>adhibeas</span> <span class='ocrx_word' id='word_1_156' title='bbox 709 2410 742 2474; x_wconf 93' lang='lat' dir='ltr'><strong><em>p.</em></strong></span> <span class='ocrx_word' id='word_1_157' title='bbox 761 2393 838 2456; x_wconf 69' lang='lat'><strong>925⁶</strong></span> <span class='ocrx_word' id='word_1_158' title='bbox 866 2389 896 2456; x_wconf 83' lang='lat' dir='ltr'>ei</span> <span class='ocrx_word' id='word_1_159' title='bbox 917 2387 1066 2476; x_wconf 80' lang='grc' dir='ltr'><strong><em>μὲνγὰρ</em></strong></span> <span class='ocrx_word' id='word_1_160' title='bbox 1091 2388 1161 2476; x_wconf 77' lang='grc' dir='ltr'><strong><em>ἰδία</em></strong></span> <span class='ocrx_word' id='word_1_161' title='bbox 1183 2390 1273 2468; x_wconf 81' lang='grc' dir='ltr'><strong><em>τινὲς</em></strong></span> <span class='ocrx_word' id='word_1_162' title='bbox 1296 2388 1409 2474; x_wconf 80' lang='grc' dir='ltr'><strong><em>ἐβλά-</em></strong></span> 
     </span>
     <span class='ocr_line' id='line_1_20' title="bbox 256 2485 1405 2580; baseline 0.003 -27"><span class='ocrx_word' id='word_1_163' title='bbox 256 2511 382 2554; x_wconf 87' lang='grc' dir='ltr'><strong><em>πτοντο</em></strong></span> <span class='ocrx_word' id='word_1_164' title='bbox 399 2497 465 2556; x_wconf 89' lang='grc' dir='ltr'><strong><em>τῶν</em></strong></span> <span class='ocrx_word' id='word_1_165' title='bbox 480 2489 638 2574; x_wconf 89' lang='grc' dir='ltr'><strong><em>πολιτῶν,</em></strong></span> <span class='ocrx_word' id='word_1_166' title='bbox 666 2485 797 2573; x_wconf 76' lang='grc' dir='ltr'><strong><em>εὐτύχει</em></strong></span> <span class='ocrx_word' id='word_1_167' title='bbox 817 2490 906 2558; x_wconf 82' lang='grc' dir='ltr'><strong><em>δὲτὸ</em></strong></span> <span class='ocrx_word' id='word_1_168' title='bbox 924 2489 1049 2576; x_wconf 86' lang='grc' dir='ltr'><strong><em>κοινὸν,</em></strong></span> <span class='ocrx_word' id='word_1_169' title='bbox 1076 2492 1185 2569; x_wconf 89' lang='grc' dir='ltr'><strong><em>καλῶς</em></strong></span> <span class='ocrx_word' id='word_1_170' title='bbox 1200 2487 1283 2580; x_wconf 75' lang='grc' dir='ltr'><strong><em>(δν)</em></strong></span> <span class='ocrx_word' id='word_1_171' title='bbox 1298 2488 1405 2558; x_wconf 75' lang='grc' dir='ltr'><strong><em>ταῦτ’</em></strong></span> 
     </span>
     <span class='ocr_line' id='line_1_21' title="bbox 256 2590 1405 2685; baseline 0.003 -27"><span class='ocrx_word' id='word_1_172' title='bbox 256 2591 380 2678; x_wconf 71' lang='grc' dir='ltr'><strong><em>ἔλεγεν.</em></strong></span> <span class='ocrx_word' id='word_1_173' title='bbox 427 2614 461 2678; x_wconf 96' lang='lat' dir='ltr'><strong><em>p.</em></strong></span> <span class='ocrx_word' id='word_1_174' title='bbox 482 2597 591 2658; x_wconf 89' lang='grc'>109911</span> <span class='ocrx_word' id='word_1_175' title='bbox 616 2591 706 2659; x_wconf 80' lang='grc' dir='ltr'><strong><em>πολὺ</em></strong></span> <span class='ocrx_word' id='word_1_176' title='bbox 721 2593 783 2681; x_wconf 86' lang='grc' dir='ltr'><strong><em>γὰρ</em></strong></span> <span class='ocrx_word' id='word_1_177' title='bbox 800 2591 883 2685; x_wconf 81' lang='grc' dir='ltr'><strong><em>(διν)</em></strong></span> <span class='ocrx_word' id='word_1_178' title='bbox 900 2590 919 2684; x_wconf 81' lang='grc' dir='ltr'>ἡ</span> <span class='ocrx_word' id='word_1_179' title='bbox 936 2593 1093 2676; x_wconf 83' lang='grc' dir='ltr'><strong><em>σύνταξις</em></strong></span> <span class='ocrx_word' id='word_1_180' title='bbox 1109 2592 1146 2662; x_wconf 88' lang='grc' dir='ltr'><strong><em>τὸ</em></strong></span> <span class='ocrx_word' id='word_1_181' title='bbox 1162 2601 1267 2684; x_wconf 79' lang='grc' dir='ltr'><strong><em>μῆκος</em></strong></span> <span class='ocrx_word' id='word_1_182' title='bbox 1283 2593 1405 2680; x_wconf 84' lang='grc' dir='ltr'><strong><em>λάβοι.</em></strong></span> 
     </span>
     <span class='ocr_line' id='line_1_22' title="bbox 256 2696 1409 2786; baseline 0.005 -26"><span class='ocrx_word' id='word_1_183' title='bbox 256 2718 289 2782; x_wconf 93' lang='lat' dir='ltr'><strong><em>p.</em></strong></span> <span class='ocrx_word' id='word_1_184' title='bbox 309 2699 415 2762; x_wconf 84' lang='grc'>645111</span> <span class='ocrx_word' id='word_1_185' title='bbox 437 2697 484 2762; x_wconf 84' lang='lat' dir='ltr'>ira</span> <span class='ocrx_word' id='word_1_186' title='bbox 507 2697 706 2782; x_wconf 80' lang='lat' dir='ltr'>scripserim:</span> <span class='ocrx_word' id='word_1_187' title='bbox 740 2696 773 2761; x_wconf 85' lang='lat' dir='ltr'><strong><em>oi</em></strong></span> <span class='ocrx_word' id='word_1_188' title='bbox 803 2699 839 2764; x_wconf 82' lang='grc' dir='ltr'><strong><em>δέ</em></strong></span> <span class='ocrx_word' id='word_1_189' title='bbox 865 2699 1075 2786; x_wconf 81' lang='grc' dir='ltr'><strong><em>Θουκυδίδην</em></strong></span> <span class='ocrx_word' id='word_1_190' title='bbox 1098 2699 1221 2786; x_wconf 84' lang='grc' dir='ltr'><strong><em>ζηλοῦν</em></strong></span> <span class='ocrx_word' id='word_1_191' title='bbox 1243 2701 1409 2785; x_wconf 86' lang='grc' dir='ltr'><strong><em>λέγοντες</em></strong></span> 
     </span>
     <span class='ocr_line' id='line_1_23' title="bbox 260 2795 1407 2890; baseline 0.008 -28"><span class='ocrx_word' id='word_1_192' title='bbox 260 2849 323 2864; x_wconf 92' lang='grc'><strong><em>...</em></strong></span> <span class='ocrx_word' id='word_1_193' title='bbox 350 2797 443 2866; x_wconf 89' lang='grc' dir='ltr'><strong><em>πάνυ</em></strong></span> <span class='ocrx_word' id='word_1_194' title='bbox 466 2795 608 2887; x_wconf 75' lang='grc' dir='ltr'><strong><em>εὐχερῶς</em></strong></span> <span class='ocrx_word' id='word_1_195' title='bbox 632 2796 680 2867; x_wconf 85' lang='grc' dir='ltr'><strong><em>άν</em></strong></span> <span class='ocrx_word' id='word_1_196' title='bbox 702 2795 981 2889; x_wconf 79' lang='grc' dir='ltr'><strong><em>εὑρίσκοιντο</em></strong></span> <span class='ocrx_word' id='word_1_197' title='bbox 1009 2797 1272 2890; x_wconf 74' lang='grc' dir='ltr'><strong><em>[άνευρίσκοιντο</em></strong></span> <span class='ocrx_word' id='word_1_198' title='bbox 1294 2805 1333 2890; x_wconf 81' lang='lat' dir='ltr'><strong><em>R]</em></strong></span> <span class='ocrx_word' id='word_1_199' title='bbox 1363 2803 1407 2871; x_wconf 79' lang='grc' dir='ltr'><strong><em>ἐκ</em></strong></span> 
     </span>
     <span class='ocr_line' id='line_1_24' title="bbox 256 2899 776 2991; baseline 0 -23"><span class='ocrx_word' id='word_1_200' title='bbox 256 2899 378 2969; x_wconf 83' lang='grc' dir='ltr'><strong><em>τούτου</em></strong></span> <span class='ocrx_word' id='word_1_201' title='bbox 399 2911 460 2969; x_wconf 82' lang='grc' dir='ltr'><strong><em>τοῦ</em></strong></span> <span class='ocrx_word' id='word_1_202' title='bbox 482 2905 776 2991; x_wconf 77' lang='grc' dir='ltr'><strong><em>παραγγέλματος.</em></strong></span> 
     </span>
    </p>
   </div>
   <div class='ocr_carea' id='block_1_4' title="bbox 109 3061 1410 3982">
    <p class='ocr_par' dir='ltr' id='par_1_8' title="bbox 343 3061 1402 3157">
     <span class='ocr_line' id='line_1_25' title="bbox 343 3061 1402 3157; baseline 0.007 -26"><span class='ocrx_word' id='word_1_203' title='bbox 343 3088 376 3152; x_wconf 92' lang='lat' dir='ltr'><strong><em>p.</em></strong></span> <span class='ocrx_word' id='word_1_204' title='bbox 395 3070 517 3132; x_wconf 80' lang='grc'>4961111</span> <span class='ocrx_word' id='word_1_205' title='bbox 532 3061 605 3133; x_wconf 83' lang='grc' dir='ltr'><strong><em>Ἵνα</em></strong></span> <span class='ocrx_word' id='word_1_206' title='bbox 629 3068 665 3133; x_wconf 79' lang='grc' dir='ltr'><strong><em>δὲ</em></strong></span> <span class='ocrx_word' id='word_1_207' title='bbox 680 3069 815 3151; x_wconf 86' lang='grc' dir='ltr'><strong><em>βέλτιον</em></strong></span> <span class='ocrx_word' id='word_1_208' title='bbox 830 3075 877 3154; x_wconf 77' lang='grc' dir='ltr'><strong><em>τῷ</em></strong></span> <span class='ocrx_word' id='word_1_209' title='bbox 891 3071 1088 3154; x_wconf 84' lang='grc' dir='ltr'><strong><em>βουλομένῳ</em></strong></span> <span class='ocrx_word' id='word_1_210' title='bbox 1103 3074 1240 3156; x_wconf 90' lang='grc' dir='ltr'><strong><em>γένηται</em></strong></span> <span class='ocrx_word' id='word_1_211' title='bbox 1254 3076 1402 3157; x_wconf 79' lang='grc' dir='ltr'><strong><em>μαθεῖν,</em></strong></span> 
     </span>
    </p>

    <p class='ocr_par' dir='ltr' id='par_1_9' title="bbox 256 3163 1407 3259">
     <span class='ocr_line' id='line_1_26' title="bbox 256 3163 1407 3259; baseline 0.003 -22"><span class='ocrx_word' id='word_1_212' title='bbox 256 3168 324 3238; x_wconf 84' lang='grc' dir='ltr'><strong><em>εἴτε</em></strong></span> <span class='ocrx_word' id='word_1_213' title='bbox 348 3163 461 3255; x_wconf 74' lang='grc' dir='ltr'><strong><em>ὀρθῶς</em></strong></span> <span class='ocrx_word' id='word_1_214' title='bbox 482 3163 578 3256; x_wconf 79' lang='grc' dir='ltr'><strong><em>ἡμεῖς</em></strong></span> <span class='ocrx_word' id='word_1_215' title='bbox 600 3177 706 3236; x_wconf 80' lang='grc' dir='ltr'><strong><em>ταῦτα</em></strong></span> <span class='ocrx_word' id='word_1_216' title='bbox 728 3171 786 3235; x_wconf 90' lang='grc' dir='ltr'><strong><em>καί</em></strong></span> <span class='ocrx_word' id='word_1_217' title='bbox 808 3169 1050 3259; x_wconf 77' lang='grc' dir='ltr'><strong><em>προσηκόντως</em></strong></span> <span class='ocrx_word' id='word_1_218' title='bbox 1071 3176 1302 3256; x_wconf 72' lang='grc' dir='ltr'><strong><em>πεπείσμεθα,</em></strong></span> <span class='ocrx_word' id='word_1_219' title='bbox 1330 3173 1407 3242; x_wconf 79' lang='grc' dir='ltr'><strong><em>εἴτε</em></strong></span> 
     </span>
    </p>

    <p class='ocr_par' dir='ltr' id='par_1_10' title="bbox 109 3269 1408 3465">
     <span class='ocr_line' id='line_1_27' title="bbox 109 3269 1405 3366; baseline 0.003 -28"><span class='ocrx_word' id='word_1_220' title='bbox 109 3285 111 3290; x_wconf 83' lang='grc'>’</span> <span class='ocrx_word' id='word_1_221' title='bbox 205 3361 214 3366; x_wconf 23' lang='grc' dir='ltr'><em>υ</em></span> <span class='ocrx_word' id='word_1_222' title='bbox 257 3273 315 3338; x_wconf 91' lang='grc' dir='ltr'><strong><em>καί</em></strong></span> <span class='ocrx_word' id='word_1_223' title='bbox 337 3269 611 3359; x_wconf 81' lang='grc' dir='ltr'><strong><em>διημαρτήκαμεν</em></strong></span> <span class='ocrx_word' id='word_1_224' title='bbox 632 3271 693 3361; x_wconf 82' lang='grc' dir='ltr'><strong><em>τὴν</em></strong></span> <span class='ocrx_word' id='word_1_225' title='bbox 714 3279 835 3360; x_wconf 91' lang='grc' dir='ltr'><strong><em>κρίσιν,</em></strong></span> <span class='ocrx_word' id='word_1_226' title='bbox 870 3273 930 3362; x_wconf 82' lang='grc' dir='ltr'><strong><em>τὴν</em></strong></span> <span class='ocrx_word' id='word_1_227' title='bbox 953 3273 1106 3354; x_wconf 75' lang='grc' dir='ltr'><strong><em>ἐξέτασιν</em></strong></span> <span class='ocrx_word' id='word_1_228' title='bbox 1136 3270 1205 3339; x_wconf 85' lang='grc' dir='ltr'><strong><em>άπδ</em></strong></span> <span class='ocrx_word' id='word_1_229' title='bbox 1236 3283 1302 3341; x_wconf 92' lang='grc' dir='ltr'><strong><em>τῶν</em></strong></span> <span class='ocrx_word' id='word_1_230' title='bbox 1329 3271 1405 3342; x_wconf 76' lang='grc' dir='ltr'><strong><em>ὑπ’</em></strong></span> 
     </span>
     <span class='ocr_line' id='line_1_28' title="bbox 259 3375 1408 3465; baseline 0.003 -23"><span class='ocrx_word' id='word_1_231' title='bbox 259 3375 388 3444; x_wconf 79' lang='grc' dir='ltr'><strong><em>ἐκείνου</em></strong></span> <span class='ocrx_word' id='word_1_232' title='bbox 410 3380 612 3462; x_wconf 78' lang='grc' dir='ltr'><strong><em>γραφέντων</em></strong></span> <span class='ocrx_word' id='word_1_233' title='bbox 641 3382 884 3463; x_wconf 61' lang='grc' dir='ltr'><strong><em>ποιοῦμαιθ)</em></strong></span> <span class='ocrx_word' id='word_1_234' title='bbox 913 3375 1218 3465; x_wconf 87' lang='grc' dir='ltr'><strong><em>προχειρισάμενός</em></strong></span> <span class='ocrx_word' id='word_1_235' title='bbox 1240 3403 1316 3445; x_wconf 90' lang='grc' dir='ltr'><strong><em>τινα</em></strong></span> <span class='ocrx_word' id='word_1_236' title='bbox 1339 3380 1408 3446; x_wconf 88' lang='grc' dir='ltr'><strong><em>λό-</em></strong></span> 
     </span>
    </p>

    <p class='ocr_par' dir='ltr' id='par_1_11' title="bbox 256 3474 1410 3879">
     <span class='ocr_line' id='line_1_29' title="bbox 257 3474 1410 3569; baseline 0.003 -24"><span class='ocrx_word' id='word_1_237' title='bbox 257 3502 333 3563; x_wconf 89' lang='grc' dir='ltr'><strong><em>γον·</em></strong></span> <span class='ocrx_word' id='word_1_238' title='bbox 367 3474 492 3566; x_wconf 82' lang='grc' dir='ltr'><strong><em>οὐγὰρ</em></strong></span> <span class='ocrx_word' id='word_1_239' title='bbox 524 3477 664 3568; x_wconf 79' lang='grc' dir='ltr'><strong><em>ἐγχωρεῖ</em></strong></span> <span class='ocrx_word' id='word_1_240' title='bbox 692 3483 835 3558; x_wconf 88' lang='grc' dir='ltr'><strong><em>πολλοῖς</em></strong></span> <span class='ocrx_word' id='word_1_241' title='bbox 863 3487 1015 3568; x_wconf 68' lang='grc' dir='ltr'><strong><em>χρῆσθαι</em></strong></span> <span class='ocrx_word' id='word_1_242' title='bbox 1037 3481 1322 3569; x_wconf 89' lang='grc' dir='ltr'><strong><em>παραδείγμασιν.</em></strong></span> <span class='ocrx_word' id='word_1_243' title='bbox 1355 3482 1410 3564; x_wconf 80' lang='grc' dir='ltr'><strong><em>ἒξ</em></strong></span> 
     </span>
     <span class='ocr_line' id='line_1_30' title="bbox 259 3580 1408 3673; baseline 0.003 -25"><span class='ocrx_word' id='word_1_244' title='bbox 259 3581 432 3648; x_wconf 79' lang='grc' dir='ltr'><strong><em>ἐκείνου</em></strong></span> <span class='ocrx_word' id='word_1_245' title='bbox 460 3581 535 3670; x_wconf 81' lang='grc' dir='ltr'><strong><em>τήν</em></strong></span> <span class='ocrx_word' id='word_1_246' title='bbox 557 3608 593 3649; x_wconf 91' lang='grc' dir='ltr'><strong><em>τε</em></strong></span> <span class='ocrx_word' id='word_1_247' title='bbox 615 3589 819 3670; x_wconf 91' lang='grc' dir='ltr'><strong><em>προαίρεσιν</em></strong></span> <span class='ocrx_word' id='word_1_248' title='bbox 840 3586 898 3650; x_wconf 89' lang='grc' dir='ltr'><strong><em>καί</em></strong></span> <span class='ocrx_word' id='word_1_249' title='bbox 920 3583 981 3672; x_wconf 85' lang='grc' dir='ltr'><strong><em>τὴν</em></strong></span> <span class='ocrx_word' id='word_1_250' title='bbox 1009 3581 1154 3667; x_wconf 89' lang='grc' dir='ltr'><strong><em>δύναμιν</em></strong></span> <span class='ocrx_word' id='word_1_251' title='bbox 1183 3592 1244 3650; x_wconf 80' lang='grc' dir='ltr'><strong><em>τοῦ</em></strong></span> <span class='ocrx_word' id='word_1_252' title='bbox 1273 3580 1408 3673; x_wconf 83' lang='grc' dir='ltr'><strong><em>ἀνδρὸς</em></strong></span> 
     </span>
     <span class='ocr_line' id='line_1_31' title="bbox 259 3681 1409 3774; baseline 0.005 -24"><span class='ocrx_word' id='word_1_253' title='bbox 259 3684 504 3770; x_wconf 63' lang='grc' dir='ltr'><strong><em>ἐπιδείξομενέ)</em></strong></span> <span class='ocrx_word' id='word_1_254' title='bbox 532 3681 687 3774; x_wconf 78' lang='grc' dir='ltr'><strong><em>ἀποχρῆν</em></strong></span> <span class='ocrx_word' id='word_1_255' title='bbox 710 3685 912 3770; x_wconf 86' lang='grc' dir='ltr'><strong><em>οἰόμενος</em></strong></span> <span class='ocrx_word' id='word_1_256' title='bbox 933 3699 1060 3773; x_wconf 83' lang='grc' dir='ltr'><strong><em>ψυχαῖς</em></strong></span> <span class='ocrx_word' id='word_1_257' title='bbox 1082 3682 1317 3766; x_wconf 77' lang='grc' dir='ltr'><strong><em>εὐπαιδεύτοις</em></strong></span> <span class='ocrx_word' id='word_1_258' title='bbox 1340 3693 1409 3756; x_wconf 88' lang='grc' dir='ltr'><strong><em>καὶ</em></strong></span> 
     </span>
     <span class='ocr_line' id='line_1_32' title="bbox 256 3785 1409 3879; baseline 0.004 -25"><span class='ocrx_word' id='word_1_259' title='bbox 256 3793 410 3875; x_wconf 87' lang='grc' dir='ltr'><strong><em>μετρίαις</em></strong></span> <span class='ocrx_word' id='word_1_260' title='bbox 432 3785 535 3875; x_wconf 90' lang='grc' dir='ltr'><strong><em>μικρά</em></strong></span> <span class='ocrx_word' id='word_1_261' title='bbox 557 3813 593 3854; x_wconf 90' lang='grc' dir='ltr'><strong><em>τε</em></strong></span> <span class='ocrx_word' id='word_1_262' title='bbox 615 3788 772 3874; x_wconf 89' lang='grc' dir='ltr'><strong><em>μεγάλων</em></strong></span> <span class='ocrx_word' id='word_1_263' title='bbox 792 3791 849 3854; x_wconf 84' lang='grc' dir='ltr'><strong><em>καὶ</em></strong></span> <span class='ocrx_word' id='word_1_264' title='bbox 865 3785 962 3876; x_wconf 88' lang='grc' dir='ltr'><strong><em>ὀλίγα</em></strong></span> <span class='ocrx_word' id='word_1_265' title='bbox 978 3792 1115 3858; x_wconf 84' lang='grc' dir='ltr'><strong><em>πολλῶν</em></strong></span> <span class='ocrx_word' id='word_1_266' title='bbox 1130 3796 1293 3876; x_wconf 74' lang='grc' dir='ltr'><strong><em>γενέσθαι</em></strong></span> <span class='ocrx_word' id='word_1_267' title='bbox 1307 3792 1409 3879; x_wconf 89' lang='grc' dir='ltr'><strong><em>δείγ-</em></strong></span> 
     </span>
    </p>

    <p class='ocr_par' dir='ltr' id='par_1_12' title="bbox 258 3888 1409 3982">
     <span class='ocr_line' id='line_1_33' title="bbox 258 3888 1409 3982; baseline 0.006 -27"><span class='ocrx_word' id='word_1_268' title='bbox 258 3915 349 3975; x_wconf 91' lang='grc' dir='ltr'><strong><em>ματα</em></strong></span> <span class='ocrx_word' id='word_1_269' title='bbox 371 3893 455 3956; x_wconf 80' lang='lat' dir='ltr'><strong><em>FM:</em></strong></span> <span class='ocrx_word' id='word_1_270' title='bbox 488 3888 709 3978; x_wconf 82' lang='grc' dir='ltr'><strong><em>ποιήσομαι.</em></strong></span> <span class='ocrx_word' id='word_1_271' title='bbox 738 3943 744 3956; x_wconf 99' lang='grc'><strong><em>.</em></strong></span> <span class='ocrx_word' id='word_1_272' title='bbox 773 3942 779 3956; x_wconf 94' lang='grc'><strong><em>.</em></strong></span> <span class='ocrx_word' id='word_1_273' title='bbox 807 3891 844 3972; x_wconf 80' lang='grc' dir='ltr'><strong><em>ἐξ</em></strong></span> <span class='ocrx_word' id='word_1_274' title='bbox 873 3891 1004 3961; x_wconf 77' lang='grc' dir='ltr'><strong><em>έκείνου</em></strong></span> <span class='ocrx_word' id='word_1_275' title='bbox 1033 3894 1070 3959; x_wconf 82' lang='grc' dir='ltr'><strong><em>δέ</em></strong></span> <span class='ocrx_word' id='word_1_276' title='bbox 1092 3892 1185 3982; x_wconf 78' lang='grc' dir='ltr'><strong><em>τήν.</em></strong></span> <span class='ocrx_word' id='word_1_277' title='bbox 1214 3945 1220 3958; x_wconf 93' lang='grc'><strong><em>.</em></strong></span> <span class='ocrx_word' id='word_1_278' title='bbox 1250 3943 1256 3957; x_wconf 92' lang='grc'><strong><em>.</em></strong></span> <span class='ocrx_word' id='word_1_279' title='bbox 1282 3893 1409 3978; x_wconf 82' lang='grc' dir='ltr'><strong><em>οἰόμε-</em></strong></span> 
     </span>
    </p>
   </div>
   <div class='ocr_carea' id='block_1_5' title="bbox 259 4067 466 4078">
    <p class='ocr_par' dir='ltr' id='par_1_13' title="bbox 259 4067 466 4078">
     <span class='ocr_line' id='line_1_34' title="bbox 259 4067 466 4078; baseline -0.01 0"><span class='ocrx_word' id='word_1_280' title='bbox 259 4067 466 4078; x_wconf 76' lang='lat'><strong>-—--—-</strong></span> 
     </span>
    </p>
   </div>
   <div class='ocr_carea' id='block_1_6' title="bbox 257 4172 1409 4342">
    <p class='ocr_par' dir='ltr' id='par_1_14' title="bbox 257 4172 1409 4342">
     <span class='ocr_line' id='line_1_35' title="bbox 317 4172 1409 4264; baseline 0.009 -29"><span class='ocrx_word' id='word_1_281' title='bbox 317 4186 347 4250; x_wconf 71' lang='lat' dir='ltr'><strong><em>¹1J</em></strong></span> <span class='ocrx_word' id='word_1_282' title='bbox 368 4179 384 4235; x_wconf 84' lang='grc' dir='ltr'><em>ὃ</em></span> <span class='ocrx_word' id='word_1_283' title='bbox 402 4185 466 4240; x_wconf 85' lang='lat' dir='ltr'><strong><em>add.</em></strong></span> <span class='ocrx_word' id='word_1_284' title='bbox 483 4183 618 4240; x_wconf 74' lang='lat' dir='ltr'>Reiskius</span> <span class='ocrx_word' id='word_1_285' title='bbox 642 4187 653 4252; x_wconf 88' lang='grc' dir='ltr'><strong><em>ΙΙ</em></strong></span> <span class='ocrx_word' id='word_1_286' title='bbox 681 4185 700 4251; x_wconf 74' lang='grc'><strong><em>2)</em></strong></span> <span class='ocrx_word' id='word_1_287' title='bbox 722 4189 808 4240; x_wconf 82' lang='grc' dir='ltr'><strong><em>αυτοῦ</em></strong></span> <span class='ocrx_word' id='word_1_288' title='bbox 821 4186 864 4250; x_wconf 81' lang='lat' dir='ltr'><strong><em>F1,</em></strong></span> <span class='ocrx_word' id='word_1_289' title='bbox 891 4172 1031 4258; x_wconf 60' lang='lat' dir='ltr'>udriffF²</span> <span class='ocrx_word' id='word_1_290' title='bbox 1053 4191 1064 4254; x_wconf 86' lang='grc' dir='ltr'><strong><em>ΙΙ</em></strong></span> <span class='ocrx_word' id='word_1_291' title='bbox 1093 4187 1111 4252; x_wconf 77' lang='lat'><strong><em>3)</em></strong></span> <span class='ocrx_word' id='word_1_292' title='bbox 1135 4191 1378 4258; x_wconf 68' lang='grc' dir='ltr'><strong><em>ττοιοῦμργμαιΡΙ</em></strong></span> <span class='ocrx_word' id='word_1_293' title='bbox 1394 4195 1409 4264; x_wconf 80' lang='grc' dir='ltr'><strong><em>ΙΙ</em></strong></span> 
     </span>
     <span class='ocr_line' id='line_1_36' title="bbox 257 4267 817 4342; baseline 0.004 -18"><span class='ocrx_word' id='word_1_294' title='bbox 257 4273 276 4337; x_wconf 80' lang='lat'><strong><em>⁴]</em></strong></span> <span class='ocrx_word' id='word_1_295' title='bbox 299 4267 483 4342; x_wconf 73' lang='grc' dir='ltr'><strong><em>ἐπιδείξομεν,</em></strong></span> <span class='ocrx_word' id='word_1_296' title='bbox 504 4288 540 4323; x_wconf 84' lang='grc' dir='ltr'><strong><em>επ</em></strong></span> <span class='ocrx_word' id='word_1_297' title='bbox 558 4287 574 4327; x_wconf 90' lang='lat' dir='ltr'>e</span> <span class='ocrx_word' id='word_1_298' title='bbox 592 4277 753 4329; x_wconf 80' lang='lat' dir='ltr'>correctura</span> <span class='ocrx_word' id='word_1_299' title='bbox 771 4273 817 4327; x_wconf 63' lang='grc' dir='ltr'><strong><em>δ’.</em></strong></span> 
     </span>
    </p>
   </div>
   <div class='ocr_carea' id='block_1_7' title="bbox 0 0 1601 5136">
    <p class='ocr_par' dir='ltr' id='par_1_15' title="bbox 0 0 1601 5136">
     <span class='ocr_line' id='line_1_37' title="bbox 0 0 1601 5136; baseline 0 0"><span class='ocrx_word' id='word_1_300' title='bbox 0 0 1601 5136; x_wconf 95' lang='lat' dir='ltr'><strong><em> </em></strong></span> 
     </span>
    </p>
   </div>
  </div>
 </body>
</html>
