3224 5140
577 419 621 428 -
668 382 751 463 pso]
800 417 842 426 -
1216 381 1275 441 105

145 569 258 633 δίκαια
280 573 573 654 προαιρουμένους
596 573 731 632 ποιῶν
750 570 874 650 [ποιεῖν
888 565 1013 648 eursu]
1034 565 1103 628 κτλ.
1144 567 1276 648 Propter

144 675 252 736 uetera
273 671 445 755 participia
467 676 577 734 ποιῶν
599 669 776 734 certissime
799 666 990 733 servandum
1014 673 1073 732 est.

228 794 260 857 p.
281 777 388 837 546111
411 771 608 858 σχηματίζει
631 771 696 854 1111)
723 777 889 856 φορτικῶς
912 771 969 832 καὶ
991 765 1033 832 τὰ
1055 765 1167 832 πολλὰ
1189 772 1277 852 γίνε-

143 899 198 940 ται
222 872 363 960 ψυχρὸς,
390 869 410 962 ἢ
433 883 479 960 τῷ
501 873 687 961 πόρρωθεν
710 870 904 955 λαμβάνειν,
932 867 951 958 ἢ
974 878 1020 956 τῷ
1038 869 1082 958 μὴ
1099 876 1276 957 πρέποντα

143 973 294 1045 εἶναιτὰ
318 977 472 1066 σχήματα
495 989 566 1054 τοῖς
588 976 766 1064 πράγμασι
786 971 815 1063 [ἢ
831 976 904 1042 add.
924 975 1069 1057 Wolfiusl
1097 971 1153 1039 διὰ
1176 973 1213 1039 τὸ
1231 972 1275 1060 μὴ

142 1092 278 1167 κρατεῖν
300 1089 361 1148 τοῦ
381 1086 529 1168 μετρίου.
577 1081 771 1146 Particulam
793 1075 814 1165 ἢ
835 1099 898 1143 non
921 1078 1023 1144 solum
1045 1098 1110 1142 non
1126 1096 1277 1143 necessa-

142 1186 221 1250 riam
245 1203 327 1266 esse,
354 1185 411 1250 sed
434 1186 565 1250 turbare
588 1184 684 1249 etiarn
708 1181 897 1248 sententiam
921 1187 953 1246 et
973 1181 1113 1245 colorum
1138 1186 1276 1244 structu-

142 1307 209 1352 ram
232 1287 266 1351 in
288 1288 458 1372 propatulo
475 1293 534 1351 est.
581 1286 673 1350 Duae
696 1293 769 1349 sunt
788 1302 914 1363 causae,
941 1302 998 1347 cur
1012 1281 1163 1347 Isocratis
1179 1281 1276 1346 dictio

142 1389 268 1474 frigeat,
295 1409 359 1454 non
381 1395 456 1454 tres.

227 1513 260 1576 p.
281 1495 401 1556 5591111
430 1489 575 1556 ἐοικέναι
605 1495 640 1554 τέ
668 1511 773 1576 φησιν
800 1486 990 1572 (Φιλόνικος
1013 1481 1030 1552 ὃ
1055 1483 1271 1570 διαλεκτικὸς)

144 1589 247 1660 αὐτὸν
270 1591 439 1680 ζωγράφῳ
463 1604 536 1669 ταῖς
559 1587 677 1668 αάταῑς
701 1591 863 1679 ἐσθήσεσι
885 1593 942 1655 καὶ
964 1600 1035 1666 τοῖς
1058 1585 1173 1666 αὐτοῖς
1197 1587 1276 1676 σχή-

143 1719 226 1778 μασι
248 1693 364 1771 πάσας
388 1695 628 1778 ἐπικοσμοῦντι
650 1692 710 1771 τὰς
733 1691 878 1781 γραφάς.
924 1687 1078 1767 ἅπαντας
1100 1699 1181 1776 γοῦν
1201 1695 1277 1777 [rpp-

145 1801 197 1865 σλν
219 1799 295 1864 add.
315 1799 405 1883 Sylb.
434 1819 474 1864 ex
489 1798 596 1864 Wolfii
611 1799 769 1880 versione]
797 1791 951 1883 εάρισκον
973 1791 1051 1870 τοὺς
1074 1792 1194 1879 λόγους
1217 1789 1278 1858 αὐ·
1379 1847 1381 1851 .

144 1907 202 1966 τοῦ
227 1911 299 1976 τοῖς
330 1895 445 1977 αὐτοῖς
475 1897 617 1986 τρόποις
646 1907 704 1986 τῆς
735 1901 855 1978 λέξειας
883 1902 1117 1984 κεχρημένους.
1164 1898 1276 1980 Inepte

143 2003 326 2069 Philonicus
348 2004 398 2069 bis
420 2004 506 2068 idem
528 2003 649 2069 dixisse
672 2004 830 2082 statuitur,
866 2023 936 2068 cum
963 2001 1152 2086 praesertim
1176 2001 1277 2064 altera

143 2107 301 2173 sententia
323 2113 396 2192 post
418 2107 555 2191 priorem
579 2107 795 2192 metaphorice
815 2106 932 2172 dictam
956 2122 1087 2188 prorsus
1108 2104 1213 2168 ieiune
1236 2105 1293 2182 ab¹

144 2209 254 2275 eodem
277 2209 468 2294 proferatur.
508 2209 703 2293 Dionysii
726 2215 800 2274 sunt
817 2209 891 2272 illa:
921 2201 1076 2281 ἅπαντας
1091 2213 1173 2290 γοῦν
1188 2201 1277 2290 εὕρι-

145 2331 223 2376 σκον
244 2311 316 2375 κτλ.
363 2311 563 2396 Expellenda
586 2311 684 2394 igitur
706 2318 756 2375 cst
778 2309 940 2394 Sylburgii
962 2307 1175 2391 interpolatio.

227 2435 261 2498 p.
281 2417 357 2476 6531
383 2407 400 2477 ὃ
422 2407 582 2499 άστεροςε
615 2407 632 2477 ὁ
657 2407 690 2477 ‹l’
708 2407 848 2498 ὕστερος
870 2411 980 2476 Reisk.
1007 2430 1069 2474 non
1093 2417 1196 2489 recte3
1231 2409 1273 2474 cf.

145 2515 322 2600 Sauppium
346 2535 390 2580 or.
416 2516 482 2580 Att.
501 2517 534 2580 Π
556 2537 587 2600 p.
604 2519 705 2580 32222.

225 2659 259 2721 p.
279 2640 385 2702 874111
409 2630 468 2702 οὐκ
491 2630 597 2712 εὐθὺς
614 2630 691 2714 ἄξια
714 2642 772 2722 τῆς
795 2635 1003 2722 προσδοκίας
1021 2631 1273 2716 ἐπεπόνθεσαν,

143 2738 181 2827 ἣν
203 2739 304 2821 ἐσχον
325 2733 547 2826 ὑπόληψινῖ),
576 2734 630 2804 ὅτε
654 2746 789 2825 πρῶτον
811 2733 1002 2820 ἀπέβαινον
1025 2745 1063 2822 τῇ
1087 2735 1198 2822 γνώμῃ
1223 2738 1277 2802 ὄε-

144 2843 350 2924 ὄουλωμένοι
380 2837 422 2919 ὡς
453 2841 511 2907 ἐπὶ
536 2841 843 2924 Λακεδαιμονίους.
897 2841 1063 2907 Reiskium
1095 2839 1278 2922 ἐπέβαινον

92 2985 94 2992 ·
145 2947 334 3012 scribentem
356 2947 544 3029 Kruegerus
568 2968 598 3030 p.
621 2950 681 3010 136
704 2952 791 3011 recte
813 2945 941 3010 refellit.

226 3088 260 3150 p.
280 3068 387 3130 966111
409 3067 466 3130 καλ
488 3063 551 3151 γάρ
576 3059 760 3153 ἀηδεστέρα
782 3072 840 3152 τῆς
864 3063 979 3150 ἑτέρας
1005 3065 1062 3127 καὶ
1084 3061 1201 3130 κάκιον
1224 3063 1278 3128 ἐλ-

145 3169 324 3256 ληνίζσυσα
360 3171 415 3234 καὶ
446 3174 621 3254 παχυτέρα
657 3173 826 3255 φαίνεται.
873 3170 1025 3250 μελαίνει
1054 3191 1089 3230 τε
1112 3163 1210 3254 (γάρ)
1239 3164 1276 3230 τὸ

145 3273 250 3359 σαφές
273 3273 331 3335 καὶ
354 3268 449 3357 ζόφῳ
466 3285 560 3337 ποιεῖ
575 3269 828 3358 παραπλήσιον.
877 3271 974 3336 Falso
991 3270 1181 3354 Sylburgius
1202 3291 1278 3353 par-

144 3377 273 3441 ticulam
303 3372 366 3461 γάρ
397 3383 468 3458 post
490 3399 525 3440 τε
554 3376 684 3440 intrusit
712 3377 752 3441 cl.
779 3397 812 3460 p.
833 3377 934 3438 75911.
982 3373 1143 3438 Posterius
1174 3394 1278 3438 enun-

145 3479 255 3544 tiatum
286 3479 374 3543 nullo
404 3478 498 3543 modo
528 3479 659 3544 causale
681 3485 740 3544 est.
787 3477 880 3554 Quod
907 3497 978 3540 cum
1000 3474 1173 3540 Hudsonus
1204 3496 1278 3559 per-

145 3583 320 3666 spexisset,
362 3581 539 3648 rectissime
572 3601 682 3647 vocem
716 3578 779 3666 γάρ
813 3603 844 3664 p.
872 3583 963 3643 75911
997 3577 1170 3643 tollendam
1205 3599 1278 3644 esse

145 3686 277 3750 censuit.
317 3684 554 3750 Herwerdenus
571 3686 673 3767 cumi)
695 3690 823 3750 secutus
842 3683 1042 3768 particulam,
1070 3689 1179 3765 utpote
1195 3703 1278 3764 quae

146 3789 228 3854 male
251 3809 269 3853 e
292 3808 389 3854 versu
412 3789 555 3872 proxime
577 3789 787 3854 antecedente
810 3789 946 3872 repetita
966 3794 1061 3866 esset,
1089 3792 1175 3851 recte
1199 3785 1279 3850 omi-

146 3891 195 3956 sit.
236 3891 357 3956 Similis
380 3891 460 3957 ratio
477 3898 527 3956 est
542 3891 709 3956 verborum
732 3911 814 3974 quae
833 3892 983 3974 leguntur
1004 3911 1037 3974 p.
1056 3893 1149 3953 96711
1172 3889 1279 3953 πολυ-

213 4115 229 4177 1)
252 4113 282 4168 δὲ
300 4113 434 4169 Wolfius:
462 4131 490 4166 τε
508 4113 589 4168 codd.
616 4118 645 4168 et
662 4113 689 4166 R
729 4117 740 4180 11
787 4115 804 4179 2)
833 4109 978 4178 ὑπόληψιν
1002 4118 1077 4166 recte
1105 4128 1158 4165 om.
1188 4111 1274 4164 Paris.

146 4195 275 4253 AGrosii
305 4201 316 4264 ΙΙ
356 4200 376 4263 ³)
395 4199 599 4254 Herwerdenus
624 4201 737 4265 erravit,
764 4216 824 4253 cum
843 4199 990 4254 Reiskium
1011 4199 1163 4268 particulae
1184 4197 1279 4251 delen-

148 4285 197 4338 dac
215 4291 354 4340 auctorem
373 4285 503 4348 haberet;
524 4285 635 4341 Reiskii
653 4290 736 4340 notae
754 4284 827 4340 infra
845 4291 951 4340 textum
969 4301 1024 4339 non
1042 4286 1179 4352 leguntur.
