3182 5136
542 393 583 402 -
631 357 714 440 [κιο]
761 393 806 404 -
1179 363 1239 426 roa

113 542 184 610 λετό
209 567 285 610 τινα
307 537 327 632 ή
350 544 527 613 πολιτείαν
548 543 658 628 spuria
672 563 761 612 esse:
788 565 871 632 quae
886 544 1029 632 ineptum
1051 546 1243 634 interpreta-

112 655 251 716 mentum
277 653 351 714 sunt
372 647 500 714 illorum
524 641 601 714 οὐδὲ
624 648 705 734 περὶ
727 655 784 735 τῆς
806 653 1037 736 προαιρέσεως
1060 657 1125 718 trev
1143 653 1244 717 ιτολι-

111 748 293 834 τιυμάτοια.
334 749 434 834 quue
449 749 567 820 certius
583 751 679 818 etiam
702 771 740 818 eo
755 751 800 836 fit,
820 753 905 836 quod
920 753 1028 838 paullo
1044 753 1128 820 inira
1143 755 1242 824 inter-

110 855 227 942 polatio
257 853 336 922 satis
366 853 538 940 perspicua
566 854 714 940 Dionysii
743 855 849 922 verbis
878 857 962 927 male
991 855 1149 942 adspersa
1178 868 1239 926 est.

110 958 281 1044 Excipiunt
308 957 393 1024 enim
423 956 523 1024 verba
545 976 644 1042 supra
666 958 764 1024 citata
792 958 890 1026 haee:
927 953 1013 1028 odet
1035 956 1098 1046 γὰρ
1123 954 1140 1026 ὁ
1164 961 1242 1040 τοὺς

114 1056 324 1147 Ἰσοκράτους
346 1057 505 1148 μαθητάς
528 1054 731 1146 ἀναγράψας
745 1056 939 1148 Ἕρμιππος
962 1056 1101 1151 ἀκριβής
1119 1062 1156 1131 ἐκ
1171 1078 1242 1142 τοῖς

111 1160 223 1240 άλλοις
246 1160 425 1248 γενόμενος
447 1157 533 1250 ὑπὲρ
549 1162 646 1230 τοῦδε
669 1171 729 1232 τοῦ
748 1162 888 1251 ῥήτορος
912 1158 1010 1231 οὐδὲν
1032 1165 1162 1254 εἲρήκευ
1177 1167 1241 1248 ἕξω

110 1268 200 1334 δυεῖν
224 1264 362 1350 τούτων,
390 1260 442 1331 ὅτι
464 1263 619 1354 διήκουσε
641 1265 705 1350 μὲν
723 1260 944 1353 Ἰσοκράτους,
971 1265 1189 1356 καθηγήσατο
1206 1271 1241 1336 δὲ

110 1375 368 1458 Λημοσθένους,
397 1373 590 1454 συνεγένετο
613 1369 649 1435 δὲ
673 1381 743 1446 τοῖς
766 1363 916 1456 ἀρίστοις
939 1377 1004 1436 τῶν
1027 1369 1239 1460 φιλοσόφων.

110 1476 185 1560 Ipsa
207 1494 313 1560 paene
334 1474 433 1540 verba
455 1474 595 1540 clamant
617 1494 714 1540 unum
736 1474 828 1540 colon
851 1475 1027 1540 tollendum
1050 1495 1137 1554 esse;
1168 1498 1241 1542 nam

112 1600 181 1645 oum
204 1577 400 1663 Hermippus
423 1576 540 1644 dixerit
568 1574 630 1656 ἔξω
655 1577 770 1644 doato
797 1575 942 1661 τούτων,
974 1583 1082 1646 tamen
1108 1580 1169 1646 tria
1190 1600 1244 1648 se·
1311 1618 1313 1622 f

112 1689 249 1765 quuntur
271 1681 353 1748 oola.
400 1679 571 1760 Quaeritur
592 1680 701 1766 igitur,
728 1701 811 1764 quae
834 1681 898 1746 sint
918 1681 1059 1766 genuina
1076 1683 1243 1772 Hermippi

112 1783 317 1870 Dionysiive‚
343 1804 426 1868 quae
452 1782 578 1850 lectoris
607 1783 744 1850 alieuius
775 1783 849 1849 vilis
879 1783 1033 1852 doctrina.
1079 1786 1243 1854 Habemus

111 1897 230 1970 antem,
262 1887 378 1971 quibus
399 1887 463 1953 nisi
485 1886 629 1972 spurium
657 1887 749 1952 oolon
776 1893 862 1954 nerto
891 1887 1041 1972 detegere
1069 1890 1239 1974 possimus,

110 1991 292 2058 testimonia
314 1990 411 2056 haee:

198 2117 229 2176 1.
257 2116 286 2176 Γ
286 2116 361 2187 έαος
380 2104 520 2188 Ἰσαίου;
547 2110 588 2197 al.
615 2110 785 2177 Westerm.
810 2109 911 2194 biogr.
936 2131 968 2195 p.
989 2113 1063 2176 261.

191 2229 316 2309 Ἰσαῖος
339 2225 357 2297 ὅ
381 2229 491 2318 ῥήτωρ
508 2229 638 2315 ἐγένετο
654 2225 740 2294 κατὰ
754 2233 817 2311 μέν
831 2253 925 2306 τιυας
941 2225 1132 2318 Ἀθηναῖος,
1159 2230 1244 2296 κατὰ

114 2337 147 2403 δέ
162 2359 258 2414 τινας
272 2333 473 2416 Χαλκιδεύς,
493 2330 623 2419 πατρὸς
639 2331 675 2398 δὲ
691 2330 873 2418 Διαγόρου,
895 2333 1088 2422 μαθητής
1104 2329 1135 2401 d'
1147 2329 1173 2399 Ἰ
1177 2357 1243 2400 σο-

114 2439 292 2526 κράτους
312 2445 383 2504 τοῦ
402 2435 595 2524 ῥήτορος,
616 2434 856 2512 διδάσκαλος
873 2436 914 2502 δὲ
930 2441 1239 2525 Δημοσθένους.

181 2538 597 2630 ὥςφησιΔιοαάσιος
619 2533 981 2626 άἉλικαρυασαὺς
1000 2534 1018 2605 ὃ
1036 2540 1238 2627 κριτικός.

195 2666 226 2727 2.
250 2661 316 2726 vit.
341 2661 373 2725 X
396 2665 489 2742 orat,
516 2659 557 2726 oi.
583 2659 753 2725 Westerm.
777 2659 880 2744 biogr.
907 2681 939 2746 p.
959 2663 1032 2725 260.

193 2776 315 2858 Ἰσαῖος
338 2775 527 2856 Χαλκιδεὺς
549 2779 612 2862 μὲν
637 2767 678 2867 ήυ
700 2777 737 2844 τὸ
761 2784 873 2864 γένος,
908 2778 1185 2866 παραγενόμενος
1208 2777 1241 2848 d'

118 2881 402 2974 εἰςἈθήαας.καὶ
424 2879 636 2966 σχολάσας
658 2882 735 2966 μὲν
752 2877 989 2968 Ἰσοκράτει
1015 2934 1021 2948 .
1043 2933 1049 2947 .
1072 2935 1078 2948 .
1104 2890 1242 2973 καθή-

118 2987 268 3077 γήσατο
293 2989 334 3054 δὲ
357 2989 677 3075 Δημοσθένους.

197 3113 227 3175 3.
254 3108 373 3176 Suidae
394 3107 519 3174 lexicon
542 3126 569 3172 s.
594 3128 625 3172 v.
647 3101 781 3184 Ἰσαῖος.

195 3225 329 3306 Ἰσαῖος.
356 3225 404 3306 εἰς
419 3232 482 3312 μέν
503 3225 575 3292 ἐστι
590 3234 655 3293 τιῖικ
670 3231 683 3291 ί
698 3224 859 3314 ῥητόρων,
885 3223 1077 3315 μαθητής
1100 3222 1131 3293 d'
1145 3222 1173 3294 Ἰ
1177 3251 1244 3294 oo-

122 3331 313 3419 κράτους,
354 3328 616 3408 διδάσκαλος
654 3329 696 3395 δὲ
733 3333 1053 3417 Δημοσθένους.
1109 3331 1244 3406 (Similia

121 3433 209 3504 habet
228 3433 397 3518 Eudooia.)

199 3539 247 3604 Ex
269 3538 320 3604 his
342 3535 533 3603 testimoniis
556 3543 588 3601 et
610 3534 712 3620 ipsius
734 3534 901 3620 Hermippi
930 3535 1036 3602 verbis
1067 3534 1130 3616 ἔξω
1154 3536 1247 3603 δυεῖν

123 3625 439 3710 τοάτωυύθιτίεείιυυ
462 3639 598 3706 efficitur·
620 3639 718 3706 verba
741 3642 933 3722 συνεγένετο
957 3637 993 3704 δὲ
1009 3651 1080 3717 τοῖς
1096 3633 1246 3726 άρίστοις

125 3750 182 3814 τῶν
196 3741 397 3834 φιλοσόφων
417 3741 528 3830 spuria
545 3762 627 3808 esse.
667 3739 867 3824 Quamquam
883 3739 963 3807 haee
978 3739 1180 3827 interpolatio
1196 3743 1247 3809 di-

125 3867 210 3915 versa
223 3856 271 3916 est
293 3850 334 3914 ab
356 3847 407 3930 iis,
434 3866 517 3930 qnae
532 3847 625 3930 volgo
641 3852 826 3924 ooeumunt3
852 3843 907 3909 vix
922 3843 1007 3912 enim
1022 3845 1190 3928 quisquam
1206 3845 1246 3915 de

126 3967 175 4016 suo
189 3950 267 4018 haeo
278 3951 411 4030 addidit,
432 3949 490 4016 sed
502 3949 543 4014 ad
555 3955 675 4015 eertum
688 3948 806 4014 fontem
819 3968 858 4014 ea
869 3948 1015 4014 redeunt.
1041 3947 1144 4032 Viam,
1163 3971 1246 4034 quae

126 4054 188 4119 sola
208 4062 305 4140 patet,
331 4057 370 4120 R.
396 4051 575 4119 Sohoeilins
597 4072 653 4137 per
675 4051 869 4136 colloquium
891 4049 1050 4117 familiare
1072 4051 1241 4119 indicavit:

127 4155 263 4228 nimirum
285 4179 325 4225 ea
347 4158 446 4225 verba
469 4177 487 4222 e
510 4154 734 4222 Demostheni·
758 4155 918 4222 mentione
947 4155 1031 4220 male
1054 4155 1096 4222 ad
1119 4157 1245 4222 Isaeum

128 4259 217 4326 relata
242 4262 395 4346 originem
424 4259 592 4326 duxerunt.
640 4257 888 4326 Demosthenem
917 4257 1124 4346 philosophos
1153 4259 1245 4326 audi-

990 4377 1037 4430 13*
