3182 5136
292 364 356 428 nos
727 393 772 404 -
819 357 902 440 [aar]
947 393 993 410 .-

293 543 537 636 neutericum
548 549 566 629 ¹]
606 527 815 628 μιμούμενος
854 539 871 610 ό
911 548 1149 631 Δημοσθένης.
1209 545 1322 608 105826
1355 539 1437 618 τοὺς

295 647 558 737 πρωτεύσαντας
568 651 588 732 ²)
624 647 661 720 έν
694 641 810 725 αὐτοῖς
844 641 969 733 ἄνδρας
998 645 1164 734 ἐπῆλθον.
1213 649 1326 711 108722
1355 642 1436 721 τοὺς

294 751 557 840 πρωτεύσαντας
580 749 616 817 ἐν
638 744 754 828 αάτοίς
776 750 930 838 διῆλθον.
977 749 1100 816 Eodem
1130 768 1227 816 sensu
1250 769 1313 832 quo
1336 771 1437 835 πρω-

293 855 402 926 τεύειν
424 856 595 922 adhibetur
616 855 748 922 verbum
765 851 981 921 δυναστεύειν
1002 875 1036 939 p.
1056 856 1133 920 974ο
1155 851 1234 929 τοὺς
1249 850 1436 920 δυναστεύ-

295 983 420 1036 σαντας
443 957 481 1025 ἐν
502 951 617 1034 αὐτοῖς
642 955 961 1044 κατηριθμησάμην.
1010 961 1107 1024 10838
1137 948 1271 1042 ἀρκέσει
1301 956 1338 1022 δὲ
1368 963 1437 1022 τῶν

295 1063 332 1132 ἐν
354 1061 467 1148 λόγοις
490 1057 790 1129 δυναστευσάντων
815 1109 822 1124 .
844 1111 850 1124 .
873 1110 880 1124 .
905 1057 965 1126 δύο
988 1063 1235 1146 παρασχέσθαι
1255 1057 1395 1143 μόνους.

381 1205 413 1268 p.
433 1186 538 1248 753oss
560 1186 641 1258 Πῶς
664 1175 707 1247 άν
720 1205 780 1264 μοι
794 1179 854 1268 τήν
870 1175 1115 1268 ἀκριβεστάτην
1129 1179 1282 1264 βάσανον
1297 1174 1315 1246 ό
1333 1177 1435 1264 λόγος

296 1287 426 1370 ἔλαβεν,
454 1285 484 1351 εἰ
506 1283 550 1372 μή
573 1282 652 1361 τοὺς
675 1279 833 1370 ἀρίστους
855 1281 976 1370 λόγους
998 1291 1065 1351 τῶν
1082 1279 1296 1372 Ἰσοκράτους
1318 1308 1355 1350 τε
1378 1285 1435 1349 καί

295 1385 482 1464 Πλάτωνος
496 1399 568 1464 τοῖς
582 1391 774 1473 κρατίστοις
788 1394 855 1456 τῶν
862 1392 884 1473 ³)
903 1392 1150 1476 Δημοσθένους
1172 1382 1435 1474 ἀντιπαρέθηκα

296 1494 362 1573 καί,
389 1485 474 1556 καθ’
499 1488 517 1556 ὃ
540 1495 642 1576 μέρος
664 1485 784 1577 ἥττους
807 1489 839 1556 οἱ
861 1488 990 1557 τούτων
1011 1488 1107 1575 λόγοι
1128 1490 1193 1557 εἰσί
1208 1498 1275 1558 τῶν
1287 1490 1430 1576 έκείνου,

297 1591 382 1680 μετὰ
404 1593 517 1682 πάσης
540 1587 706 1681 ἀληθείας
729 1591 900 1674 ἐπέδειξας
934 1589 994 1676 οὐχ
1017 1589 1154 1661 ἅπαντα
1176 1604 1248 1671 τοῖς
1270 1589 1436 1681 άνδράσιν

299 1699 439 1775 ἐκείνοις
461 1692 680 1786 ἡμαρτῆσθαι
702 1697 823 1782 λέγων·
848 1701 973 1780 μανίας
995 1695 1058 1783 γάρ
1074 1695 1173 1764 τοῦτό
1189 1721 1237 1782 γε·
1265 1692 1342 1764 ἀλλ’
1361 1693 1432 1764 οὐδ’

299 1797 436 1868 ἅπαντα
452 1800 573 1888 ἐπίσης
588 1805 853 1886 κατωρθῶσθαι.
894 1802 974 1868 Cum
989 1801 1136 1886 gradatio
1157 1795 1254 1886 (οὐδ’)
1274 1803 1436 1869 sententia

297 1907 503 1991 improbetur,
529 1905 668 1970 scribere
690 1904 801 1970 malim
824 1897 899 1968 ἀλλ’
919 1899 988 1986 οὐχ
1011 1898 1148 1970 ἅπαντα
1168 1903 1289 1992 ἐπίσης
1304 1929 1436 1993 κατωρ-

299 2012 452 2073 θῶσθαι.
486 2061 488 2066 ,

386 2132 419 2195 p.
439 2114 530 2176 771ω
553 2115 717 2196 Κρεῖττον
740 2102 768 2174 δ’
786 2097 828 2195 ἠν
846 2105 1066 2188 διεξελθόντα
1088 2107 1130 2174 τὰ
1148 2107 1264 2177 πάντα
1279 2114 1438 2202 τελευτήν

300 2211 517 2302 ποιήσασθαι
538 2219 596 2300 τής
620 2211 769 2298 ἱστορίας
785 2212 854 2276 κτλ.
894 2212 1131 2279 Herwerdenus
1145 2213 1256 2280 invitis
1271 2216 1436 2286 codicibus

300 2329 453 2403 κρεῖττον
475 2309 507 2379 δ’
525 2310 601 2402 <άν>
623 2303 664 2402 ἠν
687 2315 830 2380 exhibuit
851 2315 991 2398 itemque
1014 2336 1047 2400 p.
1067 2319 1144 2382 8026
1172 2315 1380 2410 οἰκειότερον
1401 2315 1433 2386 δ’

301 2415 377 2508 (ἂν)
392 2408 448 2506 ἠν;
474 2418 529 2502 qui
552 2418 580 2484 si
601 2425 752 2487 constans
775 2417 837 2484 sibi
856 2418 979 2500 fuisset,
1005 2439 1034 2484 e.
1050 2440 1081 2503 g.
1101 2441 1134 2505 p.
1150 2423 1256 2486 tatus
1278 2421 1326 2488 ita
1341 2424 1437 2492 edere

301 2522 426 2589 debuit:
463 2517 571 2598 πολὺς
593 2519 656 2608 γὰρ
680 2515 697 2585 ό
722 2522 801 2607 περὶ
825 2515 935 2588 αὐτῶν
956 2519 1072 2606 λόγος,
1106 2519 1145 2589 ὃν
1168 2518 1208 2590 οὐ
1233 2525 1344 2602 καλῶς
1359 2522 1436 2615 (dc)

302 2619 393 2708 είχεν
415 2622 531 2711 ἑτέρας
546 2630 679 2712 γραφῆς
693 2630 837 2711 ποιῆσαι
851 2623 1032 2710 πάρεργον.
1073 2621 1132 2691 Ἅν
1145 2627 1337 2710 particulam
1352 2639 1440 2698 utro-

302 2749 364 2814 que
397 2729 467 2794 loco
498 2747 664 2813 perperam
699 2734 731 2792 et
760 2733 873 2794 contra
902 2726 1018 2794 Graeci
1048 2729 1203 2794 sermonis
1233 2731 1389 2799 rationem
1418 2755 1439 2800 a

303 2832 372 2898 viro
398 2831 492 2897 docto
514 2832 638 2896 Batavo
666 2831 823 2898 intrusam
846 2849 918 2897 esse
939 2831 994 2897 vix
1018 2831 1174 2914 estquod
1196 2853 1361 2910 moneam
1395 2838 1434 2902 cf.

304 2936 505 3018 Kruegerum
527 2955 575 3018 gr.
595 2933 650 3000 Gr.
677 2935 693 3019 δ
711 2938 762 3017 53,
778 2937 808 3016 1,
825 2937 854 2998 7.
896 2935 1009 3000 Paullo
1025 2934 1220 3002 diversuros
1235 2944 1331 3022 estp.
1349 2943 1438 3006 761ιι

306 3035 369 3123 ἐγὼ
398 3031 431 3102 δ’
457 3031 573 3124 ἠξίουν
599 3032 674 3125 (ἂν)
701 3037 898 3123 τηλικοῦτον
931 3031 1037 3122 άνδρα
1066 3035 1294 3124 πεφυλάχθαι
1324 3048 1442 3108 πᾶσαν

306 3139 511 3226 ἐπιτίμησιν.
557 3140 750 3206 Particulam
773 3139 929 3205 otricum
953 3139 1150 3206 Graecorum
1179 3159 1266 3207 more
1295 3141 1348 3209 hic
1378 3165 1441 3210 non

306 3250 444 3328 pugnet,
471 3248 581 3308 contra
602 3241 752 3326 Dionysii
781 3249 888 3308 tamon
918 3243 1181 3310 consuetudinem
1203 3245 1441 3313 Herwerdenus

304 3346 486 3428 inculcavit,
512 3345 609 3427 idque
625 3365 663 3411 eo
685 3346 789 3430 magis
804 3346 939 3428 mireris,
966 3347 1051 3428 quod
1073 3367 1106 3430 p.
1125 3349 1226 3430 96822,
1252 3349 1339 3414 unde
1362 3350 1442 3417 haec

306 3449 445 3533 repetita
466 3455 550 3532 aunt,
577 3456 662 3514 recte
685 3448 803 3532 legitur
826 3445 889 3532 έγὼ
911 3443 942 3514 δ’
960 3443 1077 3536 ἠξίουν
1098 3450 1181 3532 κτλ,
1208 3449 1249 3516 εί.
1276 3472 1309 3535 p.
1331 3457 1442 3518 104310

308 3549 372 3636 ἐγὼ
393 3545 423 3616 δ’
439 3545 557 3638 ’ἠξίουν
578 3548 692 3618 πάντα
715 3564 854 3636 γενναῖα
877 3546 1044 3618 εἶναικαὶ
1067 3553 1218 3640 σπουδῆς
1241 3548 1331 3633 άξια.

392 3655 466 3719 Non
480 3654 584 3720 minus
600 3655 749 3740 Dionysii
764 3655 863 3720 verba
876 3655 961 3722 idem
977 3655 1176 3737 deformavit.
1196 3677 1267 3722 oum
1283 3677 1316 3742 p.
1337 3661 1443 3725 78‘2sss

307 3756 490 3823 taederet:
521 3753 729 3839 Θεόπομπος
752 3750 783 3821 δ’
803 3749 821 3822 ὁ
843 3761 930 3834 Χῖος
949 3809 955 3822 .
977 3807 984 3820 .
1006 3809 1012 3822 .
1039 3752 1133 3837 άξιός
1148 3756 1273 3847 (ἐστιν)
1291 3757 1445 3826 ἐπαινεῖ-

310 3863 396 3925 σθαι
418 3865 554 3945 πρῶτον
575 3859 638 3940 μὲν
660 3866 719 3946 τής
740 3852 942 3938 ὑποθέσεως
964 3868 1031 3928 τῶν
1053 3860 1209 3948 ἱστοριῶν
1234 3911 1240 3925 .
1262 3913 1297 3928 ..
1324 3862 1444 3930 ἔπειτα

309 3959 380 4051 (δὲ)
406 3968 465 4049 τῆς
488 3959 702 4044 οἰκονομίας.
754 3963 858 4029 Verba
887 3958 981 4043 άξιος
1011 3962 1232 4030 ἐπαινεῖσθαι
1264 3972 1299 4030 ut
1328 3968 1446 4034 mendo

310 4103 515 4114 ..-..---—·

381 4189 398 4254 1)
420 4181 620 4258 πρωτεύσαντα
632 4185 747 4241 Reice:
769 4186 907 4240 πείσαντα
919 4187 979 4242 MR
998 4190 1009 4253 ΙΙ
1026 4187 1046 4253 ²)
1067 4183 1285 4260 πρωτεύσαντας
1300 4189 1450 4248 A.Kiess-

315 4273 383 4342 ling.
404 4274 422 4327 l.
443 4269 462 4328 1.
482 4289 510 4342 p.
525 4273 592 4326 250:
613 4267 739 4344 πρώτους
755 4269 840 4330 ὄντας
857 4271 916 4328 MR
944 4275 956 4338 l
983 4273 1004 4338 3)
1024 4275 1080 4325 τῶν
1097 4275 1164 4329 add.
1184 4274 1328 4330 Horaerd.
