3182 5136
596 415 641 426 —
688 381 771 464 [τεο]
819 417 864 427 -
1238 388 1298 450 185

155 589 246 650 μεως
275 565 593 651 interpretamentum
623 573 699 633 sunt
726 567 854 636 illorum
883 576 949 635 τοῖιν
972 568 1095 656 ’ἐργωνς
1134 589 1217 653 quae
1245 571 1299 654 qui

155 669 341 754 adscripsit,
368 669 480 736 eodem
494 669 589 736 modo
610 669 645 736 in
667 669 718 736 his
741 671 884 756 offendit,
911 691 973 755 que
994 671 1216 755 Marklandus,
1243 673 1298 757 qui

156 773 227 840 sine
248 773 337 839 iusta
365 793 465 839 eausa
487 780 553 839 τῶν
574 777 712 838 Λυσίου
735 767 863 860 ἀρετῶν
885 775 981 841 scribi
1004 777 1082 842 vult.
1123 777 1194 842 Vox
1214 776 1299 842 enim

156 875 258 963 ἐργον
281 895 379 942 sensu
400 877 562 942 abstracto
585 883 740 962 usurpata
766 877 899 944 minime
926 899 947 944 a
976 879 1124 964 Dionysii
1154 899 1215 944 usu
1242 881 1301 945 ab·

155 980 283 1059 horret;
316 979 359 1046 ef.
383 1000 416 1064 p.
436 983 544 1045 ussus
567 978 600 1044 σί
622 979 659 1045 δέ
681 985 890 1069 Δημοσθένη
921 978 1221 1068 προχειρισάμενοι
1242 983 1300 1047 καὶ
1358 1037 1362 1048 .

156 1082 218 1160 τὰς
248 1077 404 1169 άρετὰς
433 1080 494 1159 τὰς
524 1080 654 1149 ἐκείνου
683 1081 860 1160 διώκοντες
889 1091 948 1171 τῆς
977 1085 1041 1168 μὲν
1062 1090 1295 1172 προαιρέσεως

157 1187 257 1256 ἕνεκα
285 1185 514 1274 ἐπῃνέθησαν,
553 1181 594 1253 σά
625 1186 693 1275 μὴν
724 1187 869 1270 ’ίσχυσαν
902 1186 949 1254 τά
981 1187 1188 1276 κράτιστα
1221 1196 1299 1256 τῶν

157 1290 331 1357 ἐκείνου
358 1296 433 1356 τοῦ
463 1287 640 1378 ῥήτορος
674 1289 811 1378 ἐργων
844 1293 973 1375 λαβεῖν.
1020 1314 1054 1378 p.
1072 1295 1164 1358 95811
1195 1292 1300 1360 δεινοί

155 1394 221 1478 μὲν
237 1391 274 1459 ἐν
289 1387 486 1470 wolcasinum
509 1386 630 1477 [αὐτῶν
645 1395 722 1478 MR]
750 1393 861 1482 ἐργοις
876 1388 1081 1483 άμφάτεροιι
1105 1396 1140 1461 in
1161 1396 1299 1482 propriis

154 1497 330 1564 virtutibus
353 1503 485 1580 uterque
507 1496 718 1564 admirabilis.

243 1641 279 1704 p.
297 1621 419 1684 48711ss
443 1611 497 1683 Ἐκ
520 1614 559 1704 δὴ
583 1614 712 1684 τούτων
734 1615 1013 1705 παρακελεύομαι
1042 1631 1112 1696 τοῖς
1135 1613 1300 1705 ἀναγινώ-

155 1742 297 1789 σκουσιν
320 1713 425 1787 αὐτὸν
446 1717 508 1808 τὴν
528 1720 592 1804 μὲν
614 1715 747 1808 εάρεσιν
776 1727 842 1788 τῶν
872 1717 1123 1809 ἐνθυμημάτων
1152 1721 1210 1786 καί
1239 1718 1300 1808 τὴν

155 1823 380 1912 σύγκρισιν
395 1822 528 1911 ζηλοῦν·
553 1820 614 1910 τὴν
629 1823 665 1889 δέ
682 1821 778 1903 τάξιν
792 1823 926 1912 κοίτην
942 1823 1167 1912 ἐξεργασίανί)
1189 1817 1300 1889 αὐτῶν

155 1928 376 2014 ἐνδεεστέραν
399 1915 504 1992 οὖσαν
523 1931 583 1992 τοῦ
604 1924 836 2014 προσήκοντος
858 1923 903 2014 μὴ
927 1919 1010 1992 άπὸ
1035 1925 1132 1993 τοῦδε
1155 1933 1216 1992 τοῦ
1239 1919 1310 1992 άν-“

155 2027 247 2118 δρὸς,
276 2025 363 2094 άλλὰ
384 2023 468 2115 παρ’
487 2027 621 2116 ἐτέρων,
649 2031 682 2093 οἳ
703 2034 875 2116 κρείττους
898 2029 1119 2117 οἰκονομῆσαι
1140 2027 1182 2093 τά
1205 2023 1299 2114 εὑρε-

154 2139 265 2200 θέντα
290 2131 455 2217 ἐγένοντο,
483 2131 564 2217 περὶ
579 2122 625 2198 ὦν
639 2126 782 2217 ὕστερον
797 2131 870 2219 ἐρῶ,
901 2134 1010 2215 [τοῦτο
1026 2128 1064 2198 τὸ
1089 2133 1294 2215 στοιχεῖονβ)

155 2233 356 2320 λαμβάνειν.
403 2235 475 2301 Duo
508 2235 589 2301 vitia
616 2235 753 2301 Vlietius
784 2236 930 2319 sustulit,
965 2235 1028 2301 duo
1057 2241 1190 2302 restant.
1237 2236 1299 2299 Pro

156 2338 342 2427 σύγκρισιν,
380 2337 433 2405 eui
453 2339 552 2404 verbo
581 2338 634 2404 hio
663 2339 751 2404 loeus
780 2345 930 2420 nonest,
967 2358 1080 2405 vocem
1110 2337 1299 2404 sollemnem

153 2443 316 2510 rescribas
339 2445 495 2530 κρίσιν.
537 2441 696 2506 Nimirum
720 2435 850 2529 εὕρεσις
872 2445 981 2527 κρίσις
1004 2439 1097 2520 τάξις
1121 2439 1298 2526 ἐξεργασία

154 2553 307 2632 quattuor
329 2551 404 2612 sunt
417 2543 603 2630 praecipua,
630 2551 665 2610 ut
680 2543 829 2630 Dionysii
844 2545 950 2610 verbis
966 2549 1047 2626 utar,
1075 2541 1111 2610 ἐν
1126 2551 1300 2630 τῷπραγ-

153 2656 287 2734 μοιτικῷ
313 2645 430 2734 τρόπῳ
453 2645 680 2735 θεωρήματα;
718 2647 761 2714 ef.
786 2669 819 2732 p.
840 2651 960 2712 542mss
989 2640 1095 2734 ἡμὲν
1125 2641 1256 2734 εὕρεσις
1277 2639 1297 2734 ἡ

154 2761 221 2820 τῶν
237 2747 490 2839 ἐνθυμημάτων
508 2801 514 2815 .
534 2799 566 2814 ..
591 2770 677 2816 vers.
695 2775 720 2814 τι
743 2751 801 2815 καί
823 2753 942 2837 κρίσις,
968 2769 1050 2817 vers.
1071 2774 1096 2816 τε
1121 2748 1214 2830 τάξις
1237 2799 1296 2814 ...

154 2857 211 2921 καὶ
226 2849 246 2943 ἡ
264 2848 342 2920 κατ’
361 2852 564 2940 ἐπιχείρημα
580 2850 769 2939 ἐξεργασία.
818 2858 924 2919 5578ss
946 2859 1013 2919 τῶν
1034 2851 1071 2918 δέ
1086 2852 1299 2939 πραγμάτιον

154 2953 363 3041 ποιούμενος
387 2955 539 3036 ἐξέτασιν
561 2954 622 3043 τὴν
650 2955 714 3039 μὲν
743 2950 875 3042 εάρεσιν
904 2954 1109 3043 θαυμαστὴν
1130 2949 1214 3043 παρ’
1233 2949 1299 3038 άμ-

155 3074 239 3149 φοῑν
254 3056 493 3147 κατελαβόμην
513 3059 572 3124 καὶ
586 3057 637 3124 ἐτι
652 3055 713 3146 τὴν
727 3063 852 3146 κρίσιν·
885 3065 924 3144 τῇ
948 3058 984 3124 δὲ
1004 3055 1098 3138 τάξει
1112 3065 1179 3125 τῶν
1194 3056 1299 3125 ἐνθυ-

71 3159 78 3176 ’
154 3160 320 3251 μιγμάτων
338 3212 345 3226 .
364 3209 371 3226 .
388 3211 395 3225 .
414 3161 471 3227 καὶ
494 3167 533 3247 τῇ
555 3155 641 3228 καθ’
660 3160 803 3228 ἕκαστον
817 3155 908 3238 είδος
925 3160 1103 3249 ἐξεργασίᾳ
1126 3210 1133 3224 .
1152 3209 1181 3226 ..
1203 3158 1299 3246 παρὰ

154 3265 245 3332 πολὺ
267 3276 448 3351 προτερεῖν
470 3258 621 3352 ἡγούμην
631 3257 827 3352 Ἰσοκράτην
841 3269 990 3331 Λυσίου.
1030 3264 1155 3331 Deinde
1169 3271 1299 3350 propter

153 3363 240 3455 παρ’
260 3365 386 3454 ἐτέρων
412 3368 506 3451 legas
533 3364 579 3454 μη
609 3365 727 3454 παρὰ
753 3367 851 3434 τοῦδε
881 3374 942 3434 τοῦ
964 3360 1087 3453 άνδρός
1109 3366 1197 3434 idem
1218 3367 1298 3433 Dio-

153 3472 240 3558 nysii
269 3469 423 3554 loquendi
452 3489 540 3538 mure
570 3471 769 3555 postulunte;
806 3470 847 3536 ei.
874 3491 903 3536 e.
929 3491 962 3554 g.
986 3493 1020 3556 p.
1038 3474 1116 3536 45οε
1146 3473 1180 3534 τί
1209 3463 1296 3556 παρ’

154 3572 299 3642 ἑκάστου
321 3573 374 3638 δεῖ
395 3571 593 3657 λαμβάνειν.
634 3577 711 3640 454ο
733 3577 767 3638 τί
789 3573 841 3639 δεῖ
862 3570 1051 3656 λαμβάνειν
1071 3567 1158 3660 παρ’
1178 3568 1294 3640 αὐτοῦ.

59 3681 65 3696 ’
153 3682 231 3744 4603
254 3674 381 3764 ταύτην
403 3676 565 3763 δευτέραν
586 3676 647 3764 τὴν
670 3670 791 3764 άρετην
813 3674 936 3744 κελεάω
960 3675 1057 3764 παρὰ
1079 3683 1140 3744 τοῦ
1156 3674 1297 3765 ῥήτορος

153 3778 276 3848 τούτου
302 3775 500 3862 λαμβάνειν.
548 3782 639 3844 47ομ
670 3780 819 3867 ληπτέον
848 3777 887 3868 δὴ
917 3780 975 3846 καὶ
1004 3779 1042 3846 τὸ
1072 3785 1211 3868 πρέπον
1239 3787 1297 3868 τῆς

153 3884 276 3963 λέξεως
305 3880 402 3970 παρὰ
423 3885 571 3948 Λυσίου.
618 3885 696 3948 4716
726 3877 810 3948 ὥστε
840 3883 898 3948 καὶ
925 3879 1051 3970 ταύτην
1080 3881 1142 3971 τὴν
1173 3877 1295 3970 άρετὴν

154 3987 304 4073 ληπτέον
325 3983 422 4073 παρὰ
444 3993 505 4052 τοῦ
528 3984 682 4074 ῥήτορος.

225 4211 243 4273 ¹)
264 4206 431 4281 ἐξεργασίαν
443 4209 568 4265 Vlietius
585 4225 613 4279 p.
628 4209 678 4260 2³:
699 4205 838 4280 ἐργασίαν
849 4209 931 4264 codd.
954 4211 965 4275 ll
994 4210 1013 4274 ²)
1035 4207 1200 4266 Verbedsl.
1213 4207 1295 4264 Vlie-

156 4294 214 4348 tius
229 4310 256 4362 p.
273 4295 315 4346 23.
986 4317 989 4321 ·
1247 4297 1248 4300 ’
