3224 5140
339 373 398 435 108
768 405 809 414 -
859 367 942 448 [192]
990 403 1033 412 -—

338 558 473 642 septimo
501 576 585 622 anuo
615 561 690 620 ante
716 555 884 620 doeensnm
908 551 1138 627 Demosthenis,
1170 569 1271 615 annos
1299 548 1371 642 iere
1398 557 1471 614 een-

337 667 402 725 tum
425 664 555 725 natus.“
601 658 759 740 Taylorus
781 656 878 739 igitur
900 655 962 720 vim
986 653 1073 719 vonis
1098 651 1306 734 έπακμάζειν
1335 651 1471 717 eandem

336 762 403 827 sere
433 781 505 827 esse
527 761 597 826 vult
626 779 720 841 quam
743 758 834 824 verbi
863 761 1105 842 παρεκτείνειν,
1138 756 1237 821 veluti
1259 777 1292 839 p.
1312 757 1390 819 5865
1414 758 1472 835 με’-

336 888 392 949 χρι
407 871 465 951 τῆς
482 864 660 928 Φιλίππου
683 862 880 936 δυναστείας
902 860 1129 944 παρεξέτεινε.
1177 857 1473 942 solemniorem

336 987 430 1053 poene
459 966 539 1031 nihil
570 965 659 1031 aliud
689 984 761 1030 esse
789 963 851 1028 nini
881 964 993 1028 llorere
1023 969 1116 1048 post
1145 962 1284 1044 aliquem
1315 964 1387 1051 ipse
1417 965 1471 1030 ille

337 1069 491 1154 prooemii
514 1069 602 1134 loeus
625 1069 746 1152 probat.
795 1065 958 1131 Mittamuu
981 1065 1080 1149 igitur
1101 1065 1233 1148 Taylori
1256 1066 1471 1133 coniecturam

336 1178 368 1237 et
389 1173 493 1237 looum
515 1171 704 1236 lacunosum
727 1174 972 1252 corruptumque
994 1187 1052 1232 nos
1074 1174 1181 1233 tenere
1204 1167 1374 1234 fateamur.

421 1313 453 1375 p.
473 1293 592 1355 49311ss
616 1293 703 1352 πᾶσί
725 1313 760 1352 τε
790 1289 847 1352 καί
869 1285 998 1364 παντὸς
1025 1285 1172 1369 μάλιστα
1195 1295 1295 1354 τοῦτο
1318 1313 1473 1376 παρακε-

336 1393 521 1478 λευσαίμην
547 1389 856 1477 [παρεκελευσάμην
871 1391 944 1473 FM]
973 1384 1088 1456 ἀσκεῖν
1110 1387 1147 1455 τὸ
1170 1396 1272 1477 μέρος
1294 1389 1383 1474 ’μάν
1406 1393 1468 1480 τὸῐ)

339 1490 455 1578 [αὐτοῦ
476 1497 514 1578 R]
541 1499 676 1560 Λυσίου
705 1494 958 1580 παραδείγμασι
984 1493 1255 1580 [παραδείγματα
1278 1498 1315 1580 R]
1350 1499 1472 1566 ποιού-

334 1621 435 1680 μενος
463 1595 523 1674 τὰς
546 1601 743 1682 γυμνασίας.
792 1597 894 1662 Looun
917 1596 1047 1679 gravius
1078 1603 1243 1680 corruptus
1274 1606 1339 1680 est,
1374 1622 1470 1684 quam

335 1708 370 1766 ut
385 1702 492 1766 sanari
507 1701 619 1785 possit.
651 1701 755 1766 Unum
772 1706 880 1765 tamen
895 1699 1008 1764 vitium
1024 1699 1129 1764 tollas.
1171 1699 1340 1783 Optativus
1356 1727 1471 1790 παρα-

335 1804 557 1889 κελευσαίμην
579 1809 664 1868 reete
680 1809 790 1866 eontra
805 1801 931 1867 oodiees
948 1801 981 1865 in
997 1803 1128 1884 volgata
1144 1802 1304 1868 exhibitus
1326 1807 1472 1888 parrion-

334 1907 399 1971 lam
423 1900 465 1971 άν
479 1905 556 1970 addi
571 1906 722 1990 postulat,
750 1925 844 1987 quam
860 1904 930 1986 quis
947 1925 987 1968 ex
1003 1905 1100 1969 verbo
1115 1901 1261 1986 μάλιστα
1277 1908 1471 1977 eliciendam

337 2029 409 2074 esse
427 2008 549 2074 eredat:
577 2001 708 2089 μάλιστ>
719 2003 770 2072 ἄν.
812 2007 875 2072 Sed
893 2028 933 2072 ex
948 2007 1095 2091 Dionysii
1113 2009 1340 2076 consuetudine
1361 2015 1472 2079 malim

335 2111 655 2197 παρακελευσαίμην
670 2105 745 2197 (ilo)
769 2104 892 2188 riurein,
930 2111 970 2175 ol.
997 2132 1029 2194 p.
1050 2115 1127 2176 4550
1150 2113 1472 2202 παρακελευσαίμην

336 2209 378 2278 άν
405 2225 475 2290 τοῖς
504 2215 724 2295 βουλομένοις
753 2218 914 2296 καθαρῶς
943 2209 1099 2298 γράφειν.
1153 2218 1229 2279 5443
1258 2219 1472 2302 παρακελευ-

335 2320 460 2402 σαίμην
483 2309 524 2381 άν
548 2309 638 2399 αὐτῷ
661 2311 722 2400 τὴν
745 2313 873 2379 ἐκείνου
895 2321 955 2378 τοῦ
978 2311 1118 2400 ῥήτορος
1140 2323 1324 2398 μιμεῖσθαι
1346 2327 1472 2406 προαί-

335 2440 439 2504 ρεσιν.
1348 2497 1350 2500 ·
1454 2505 1456 2510 ι

423 2559 456 2622 p.
476 2541 551 2602 6331
580 2538 716 2624 πλῆθος
745 2533 855 2621 λόγων
884 2529 981 2601 εἶπεν
1009 2530 1121 2602 οὐδενὶ
1147 2545 1213 2604 τῶν
1242 2541 1303 2606 lae.
1333 2546 1372 2607 18
1403 2544 1466 2608 litt.

335 2639 520 2726 σύμφωνον
543 2641 579 2704 F.
627 2640 801 2705 Florentini
825 2641 974 2704 lacunam
1003 2646 1037 2704 ut
1063 2642 1259 2724 probabilem
1282 2643 1316 2708 in
1339 2646 1470 2712 modum

335 2745 508 2829 explerem,
535 2743 612 2808 mihi
635 2765 698 2808 non
721 2743 864 2826 contigit.

419 2885 451 2948 p.
471 2867 592 2928 95714ss
614 2862 843 2928 Ambrosianus
866 2863 911 2927 ita
933 2861 1081 2928 exhibet:

733 2984 736 2991 ·
1098 2967 1155 3029 καὶ
1177 2960 1195 3052 ἦ
1219 2967 1282 3048 μὲν
1304 2993 1470 3056 νεωτερο-

335 3075 432 3135 ποιία
456 3072 511 3135 καὶ
534 3068 571 3135 τὸ
596 3065 764 3155 τολμηρὸν
786 3075 844 3155 τῆς
871 3075 931 3133 τοῦ
954 3073 1175 3154 συγγραφέως
1199 3069 1323 3136 οἰκεῖον
1346 3090 1394 3139 2-3
1412 3091 1464 3141 litt.

334 3173 440 3248 ἰδέας·
467 3166 486 3258 ἦ
504 3173 540 3237 δὲ
553 3167 722 3258 άσφάλεια
739 3172 796 3235 καὶ
811 3168 848 3235 τὸ
862 3165 1110 3258 άκίνδυνοννης
1122 3179 1182 3236 τοῦ
1195 3169 1336 3259 ῥήτορος
1351 3192 1464 3243 3,-41ηί.

334 3293 431 3340 lacuna
448 3293 527 3341 16-18
544 3293 594 3341 litt.
623 3270 675 3340 ὅτι
699 3269 758 3340 οὐκ
782 3272 1031 3361 ἕνεπιτηδεάσει
1051 3279 1211 3361 φαίνεται
1233 3293 1344 3343 2-3litl.
1398 3353 1399 3357 ρ

334 3395 431 3444 lacuna
446 3391 526 3444 18-2o
539 3395 590 3444 lut.
619 3372 881 3464 ἀνεπιτήδευτον
903 3373 992 3444 εἶναι
1007 3379 1113 3443 θέλει.
1148 3403 1226 3444 κατε
1243 3369 1247 3415 ¹
1270 3382 1322 3463 (fol.
1337 3393 1383 3448 99Γ
1395 3387 1463 3466 ine.)

334 3479 516 3546 σκεύασται
537 3481 599 3564 μὲν
622 3470 681 3546 οὖν
704 3478 844 3565 ἑκάτερα
867 3482 936 3544 κτλ.

420 3641 453 3703 p.
473 3623 578 3684 9711ss
601 3619 805 3685 Ambrosiani
828 3619 923 3684 leutio
946 3618 1026 3685 haee
1049 3627 1114 3686 est:

1255 3722 1297 3788 τά
1319 3734 1382 3792 νῦν
1404 3752 1467 3815 γάρ

334 3843 384 3891 lae.
403 3843 450 3892 8-9
466 3843 517 3891 litt.
545 3850 578 3889 τι
600 3823 718 3911 πόρρω
743 3823 967 3910 διθυράμβων
989 3833 1089 3892 τινῶν
1112 3832 1319 3912 (φθέγγομαι.
1347 3847 1394 3896 3-4
1413 3849 1463 3896 litt.

334 3946 381 3995 ss-7
398 3946 448 3994 litt.
477 3923 637 4011 π’άλλων,
666 3923 751 3991 ἀλλὰ
766 3939 837 4004 τοῖς
853 3921 963 3994 αὑτῶν
982 3927 1094 4012 λόγοις
1111 3924 1323 4013 άλισκάμεέλα
1347 3949 1394 3999 2-3
1412 3951 1463 4000 litt.

334 4049 381 4098 2-3
398 4049 449 4098 litt.
479 4027 520 4097 άν
543 4029 785 4114 δαιμονιώτατε
808 4028 948 4096 πλάνων
970 4032 1040 4096 κτλ.
1331 4019 1334 4023 ’

479 4257 492 4268 n

404 4273 421 4336 ¹)
441 4271 492 4342 ross
507 4271 538 4338 F,
560 4269 614 4324 fuit
632 4290 657 4323 υ.

269 4832 836 5118 εΗ
887 4836 1054 5118 ss
