3182 5136
549 393 593 405 -
640 359 723 442 [σοι]
771 395 814 406 -
1188 361 1247 424 τοι

192 569 226 632 p.
257 551 398 612 10611455
434 553 550 612 Ταῦτα
580 546 643 630 μὲν
673 535 733 613 σάν
761 548 864 632 χωρὶς
894 545 1024 632 ἑκάστῳ
1055 555 1121 614 τῶν
1150 556 1250 632 τριιῖιν

109 648 322 735 πλασμάτων
344 651 624 736 παρακολουθεῖν
646 649 733 738 ίηιην
755 651 812 715 καί
836 648 871 716 ἐκ
894 648 1024 716 τοάτιον
1052 645 1168 740 ἠξίουν
1190 649 1250 740 τήν

108 758 358 842 Δημοσθένους
381 751 526 837 δύναμιν
548 751 727 840 πεφυκότα
750 754 813 836 μὲν
834 754 892 818 καὶ
914 765 985 831 τοῖς
1004 751 1119 831 άλλοις
1136 779 1249 840 παρα-

108 861 292 924 κολουθεῖν
313 856 507 940 πλάσμασι,
534 863 716 945 κρατίστην
739 853 772 924 δ’
792 853 876 940 ὄψιν
902 857 1023 940 ἔχοντα
1046 860 1103 924 καὶ
1127 857 1248 944 ἐκπρε-

109 960 282 1049 πεστάτην
305 960 342 1026 ἐν
363 959 495 1038 τούτοις
519 973 590 1038 τοῖς
613 966 760 1046 χωρίοις.
808 963 947 1028 Verbum
976 955 1092 1048 ἠξίουν
1114 961 1248 1027 infiniti-

106 1085 179 1128 vum
204 1063 351 1128 additum
378 1063 542 1147 postulare
565 1061 756 1147 Sylburgius
779 1069 811 1127 et
833 1062 983 1127 Reiskius
1006 1063 1242 1144 intellexerunt.

106 1187 241 1249 quorum
264 1165 321 1231 ille
345 1162 501 1244 ἐξετάσαι
527 1162 671 1246 δύναμιν
701 1165 880 1250 proposuit,
916 1164 969 1230 hic
999 1163 1167 1244 ἐξετάζειν
1194 1168 1246 1232 vel

105 1269 306 1352 βασανίζειν
327 1271 380 1335 vel
410 1266 605 1352 δοκιμάζειν
634 1265 788 1352 δύναμιν.
836 1270 948 1334 Paullo
976 1269 1084 1335 verius
1114 1269 1247 1336 Reiskio

106 1374 187 1440 duce
209 1375 257 1439 ita
279 1374 418 1439 scn'bere
441 1373 520 1438 mihi
549 1373 660 1439 videor
690 1370 725 1437 ἐκ
756 1369 885 1437 τούτων
907 1369 1108 1461 (ἐξετάζειν)
1132 1367 1247 1460 ἠξίουν

106 1475 165 1564 τήν
187 1481 438 1564 Δημοσθένους
466 1473 619 1558 δύναμιν,
652 1477 692 1541 cl.
720 1497 752 1560 p.
772 1479 861 1540 75511
892 1474 988 1560 παρὰ
1018 1472 1246 1561 τὸν-άριστον

106 1587 171 1646 τῶν
194 1577 271 1645 τότε
296 1576 448 1666 ῥητόρων
470 1576 548 1655 τοὺς
577 1577 683 1655 ἰδίους
712 1576 932 1658 ἐξετάζειν
961 1573 1083 1666 ἠξίου
1111 1577 1244 1664 λάχους.

106 1685 180 1750 Mox
202 1683 374 1770 partieipia
396 1679 575 1770 πεφυκότα
605 1689 638 1748 et
666 1681 786 1764 ’έχοντα
816 1703 896 1748 sana
923 1703 988 1748 non
1017 1690 1107 1763 sunt,
1142 1704 1246 1768 neque

105 1809 189 1872 quae
203 1787 358 1853 Reiskius
381 1787 477 1853 scribi
500 1787 602 1853 voluit
624 1784 819 1873 πεφυκότος
842 1793 874 1851 et
889 1784 1025 1868 ἐ’χοντος
1047 1807 1154 1852 veram
1171 1805 1247 1852 sen·

104 1892 238 1958 tentiam
261 1891 467 1956 adsecuntur.
514 1894 721 1977 Δημοσθένη
745 1894 927 1976 κρατίστην
951 1885 1035 1966 ὄψιν
1064 1889 1154 1972 ἔχειν
1180 1940 1186 1953 .
1208 1939 1242 1953 ..

106 1994 142 2060 ἓν
163 1991 298 2071 τούτοις
321 2005 391 2070 τοῖς
413 1997 551 2078 χωρίοις
574 1994 637 2060 diei
660 1993 779 2077 nequit,
808 2014 880 2059 cum
903 1993 1017 2059 eadem
1040 1993 1080 2059 de
1104 1990 1245 2075 δυνάμει

105 2098 226 2182 optime
256 2097 497 2182 praedicentur;
531 2097 573 2163 cf.
604 2117 637 2180 p.
659 2099 755 2162 10625
786 2090 870 2160 καθ’
897 2093 914 2160 δ
943 2093 1091 2178 μάλιστα
1121 2101 1247 2182 χωρίον
1273 2166 1275 2172 .

106 2199 228 2288 ἑκάστη
263 2206 330 2265 τῶν
363 2194 490 2285 άρετιῖιν
519 2196 605 2282 δ’ψιν
632 2193 771 2286 ἡδίστην
800 2197 879 2280 ἐ’χει.
927 2200 1032 2284 Legas
1061 2199 1176 2282 igitur:
1210 2198 1245 2264 ἐκ

106 2303 236 2372 τοάτων
250 2302 453 2393 (ἐξετάζειν)
468 2297 585 2390 ἠξίουν
599 2300 660 2391 τήν
675 2307 923 2390 Δημοσθένους
939 2291 1083 2385 δάναμιν
1105 2326 1245 2390 πεφυ-

106 2420 232 2474 κυῖαν
254 2407 318 2490 μὲν
340 2408 397 2471 καὶ
419 2419 490 2483 τοῖς
514 2401 628 2483 άλλοις
652 2407 932 2492 παρακολουθεῖν
949 2403 1137 2489 πλάσμασι,
1164 2429 1246 2490 κρα-

106 2517 222 2600 τίστην
245 2505 278 2577 δ’
298 2508 383 2595 ὄψιν
406 2509 588 2592 ἐ’χουσαν
609 2511 667 2574 καὶ
683 2507 960 2598 ἐκπρεπεστάτην
976 2508 1012 2576 ἐν
1027 2505 1159 2587 τοάτοις
1175 2521 1245 2586 τοῖς

107 2620 254 2702 χωρίοις.
490 2615 492 2625 '

190 2774 225 2836 p.
243 2754 369 2816 1063455
396 2749 437 2816 Οἱ
452 2747 538 2815 κατὰ
553 2747 614 2837 τήν
630 2744 735 2838 αὐτὴν
752 2743 883 2837 ἠλικίαν
900 2744 1112 2832 ἀκμάσαντες
1128 2747 1243 2834 ίκείνηι

107 2851 343 2938 θαυμάζοντες
366 2852 402 2918 δὲ
426 2852 521 2940 δῆλοί
546 2851 633 2918 εἰσιν
663 2847 767 2919 αὐτὸν
794 2854 975 2930 καλοῦντες
1004 2851 1126 2939 ταύτης
1153 2850 1244 2935 [ταύ-

107 2981 163 3045 την
185 2961 213 3042 ο]
239 2953 387 3040 μάλιστα
417 2963 475 3044 της
501 2950 673 3038 εὐτεχνίας
695 2957 759 3022 Με.
806 2957 980 3023 Verissime
1004 2955 1156 3022 Reiskius
1186 2976 1243 3040 pro

109 3060 141 3126 δὲ
163 3061 294 3146 scripsit
317 3084 352 3125 τε
380 3067 413 3126 ελ
441 3081 482 3126 ex
511 3080 588 3125 voce
617 3061 798 3136 καλοῦντες
827 3061 937 3126 elicuit
967 3061 1024 3124 καὶ
1053 3059 1241 3146 ζηλοῦντες.

110 3164 221 3230 Cetera
256 3165 356 3229 verba
389 3163 474 3247 quod
506 3169 609 3228 mutat
637 3163 801 3248 Sylburgli
837 3161 1029 3248 exemplaris
1059 3162 1243 3228 accusativo

110 3266 230 3354 ταύτην
262 3267 296 3332 ni
330 3267 426 3331 fallor
459 3273 657 3332 commotus:
693 3264 931 3349 θαυμάζοντές
965 3291 999 3332 τε
1035 3266 1130 3354 δηλοί
1159 3264 1244 3331 εἰσιν

111 3364 212 3436 αὐτοῦ
245 3371 302 3434 καὶ
332 3369 509 3456 ζηλοῦντες
538 3367 663 3457 ταύτην
692 3367 838 3454 μάλιστα
868 3367 928 3457 τήν
954 3364 1142 3452 εδτεχνίαν,
1181 3389 1243 3433 non

109 3475 215 3557 probo.
255 3473 461 3539 Ambrosiani
483 3473 577 3539 lectio
600 3473 633 3538 in
655 3473 705 3539 his
724 3480 809 3539 certe
832 3474 913 3538 nihil
929 3475 1036 3554 habet,
1063 3493 1124 3556 quo
1141 3472 1244 3537 offen-

110 3577 172 3642 dat.
219 3577 271 3643 Of.
296 3579 448 3662 p.1025⁶
471 3584 529 3664 της
559 3570 591 3642 δ’
619 3571 861 3662 ἀπειροκαλίας
893 3571 997 3642 αὐτὸν
1026 3569 1241 3642 οδδεπιάποτ)

112 3677 270 3766 ἐζήλωσα.

192 3841 224 3903 p.
246 3822 370 3883 1064555
394 3818 484 3900 Καὶὶ)
513 3811 588 3898 οὐχὶ
610 3816 708 3883 τουτό
730 3840 785 3882 πω
802 3815 995 3900 θαυμάζειν
1011 3811 1150 3900 άξιονῖ)7
1172 3811 1240 3880 ἀλλ’

114 3914 165 3985 ὅτι
185 3923 241 3986 καὶ
262 3928 441 4006 μαρτυρῶν
462 3922 616 4006 πολλαχῇ
639 3919 700 4008 τήν
722 3916 844 4008 άρετήν
864 3929 909 4006 τῷ
925 3920 1039 4009 ῥήτορι
1056 3918 1243 4007 κατάδηλός

113 4021 180 4088 ἐστι
205 4026 260 4088 καὶ
284 4023 391 4111 ζηλῶν
412 4026 466 4106 (ευ.
480 4023 670 4110 Αἰσχίνης).
708 4024 799 4090 ΧΟιιυι
822 4024 862 4090 de
879 4027 948 4090 sola
966 4025 998 4089 in
1014 4022 1241 4107 componendis

113 4181 310 4194 ψ

181 4281 196 4344 ¹)
218 4281 263 4334 καὶ
280 4280 396 4336 Bolsk:
423 4278 439 4346 ἢ
457 4281 517 4335 MR
541 4282 552 4346 ΙΙ
581 4282 598 4344 21.
624 4278 703 4342 άξιον
721 4282 785 4336 εδδ.
806 4297 860 4350 mg.
881 4283 941 4336 cod.
964 4280 1044 4335 Bodl.
