<?xml version="1.0" encoding="UTF-8"?>
<!DOCTYPE html PUBLIC "-//W3C//DTD XHTML 1.0 Transitional//EN"
    "http://www.w3.org/TR/xhtml1/DTD/xhtml1-transitional.dtd">
<html xmlns="http://www.w3.org/1999/xhtml" xml:lang="en" lang="en">
 <head>
  <title>
</title>
<meta http-equiv="Content-Type" content="text/html;charset=utf-8" />
  <meta name='ocr-system' content='tesseract 3.04.00' />
  <meta name='ocr-capabilities' content='ocr_page ocr_carea ocr_par ocr_line ocrx_word'/>
</head>
<body>
  <div class='ocr_page' id='page_1' title='image "./dedionysiihalic00sadgoog_0019.png"; bbox 0 0 3250 5146; ppageno 0'>
   <div class='ocr_carea' id='block_1_1' title="bbox 314 319 1455 830">
    <p class='ocr_par' dir='ltr' id='par_1_1' title="bbox 317 319 1004 434">
     <span class='ocr_line' id='line_1_1' title="bbox 317 319 1004 434; baseline 0.003 -20"><span class='ocrx_word' id='word_1_1' title='bbox 317 356 354 415; x_wconf 84' lang='grc'>14</span> <span class='ocrx_word' id='word_1_2' title='bbox 667 319 670 327; x_wconf 65' lang='grc'>’</span> <span class='ocrx_word' id='word_1_3' title='bbox 760 387 804 400; x_wconf 86' lang='lat'><strong><em>-·</em></strong></span> <span class='ocrx_word' id='word_1_4' title='bbox 852 354 913 434; x_wconf 74' lang='lat' dir='ltr'><strong>[es]</strong></span> <span class='ocrx_word' id='word_1_5' title='bbox 961 389 1004 400; x_wconf 91' lang='grc'>-</span> 
     </span>
    </p>

    <p class='ocr_par' dir='ltr' id='par_1_2' title="bbox 314 534 1455 830">
     <span class='ocr_line' id='line_1_2' title="bbox 315 534 1454 626; baseline 0.002 -22"><span class='ocrx_word' id='word_1_6' title='bbox 315 547 374 626; x_wconf 77' lang='grc' dir='ltr'><strong><em>τῆς</em></strong></span> <span class='ocrx_word' id='word_1_7' title='bbox 389 537 548 626; x_wconf 79' lang='grc' dir='ltr'><strong><em>φράσειας</em></strong></span> <span class='ocrx_word' id='word_1_8' title='bbox 564 541 576 622; x_wconf 84' lang='grc' dir='ltr'><strong><em>(Ι</em></strong></span> <span class='ocrx_word' id='word_1_9' title='bbox 600 543 670 604; x_wconf 65' lang='grc'>1111</span> <span class='ocrx_word' id='word_1_10' title='bbox 691 542 801 624; x_wconf 77' lang='grc'>(78211)</span> <span class='ocrx_word' id='word_1_11' title='bbox 823 534 1002 624; x_wconf 82' lang='grc' dir='ltr'><strong><em>Ἀρχαϊκὰς</em></strong></span> <span class='ocrx_word' id='word_1_12' title='bbox 1028 542 1067 623; x_wconf 81' lang='grc'><strong><em>(6)</em></strong></span> <span class='ocrx_word' id='word_1_13' title='bbox 1092 541 1177 605; x_wconf 83' lang='lat' dir='ltr'><strong><em>Nam</em></strong></span> <span class='ocrx_word' id='word_1_14' title='bbox 1192 559 1298 622; x_wconf 86' lang='lat' dir='ltr'><strong>neque</strong></span> <span class='ocrx_word' id='word_1_15' title='bbox 1312 561 1454 624; x_wconf 85' lang='lat' dir='ltr'><strong>quorun-</strong></span> 
     </span>
     <span class='ocr_line' id='line_1_3' title="bbox 314 637 1455 728; baseline 0 -20"><span class='ocrx_word' id='word_1_16' title='bbox 314 643 389 708; x_wconf 84' lang='lat' dir='ltr'><strong><em>dam</em></strong></span> <span class='ocrx_word' id='word_1_17' title='bbox 412 644 563 710; x_wconf 85' lang='lat' dir='ltr'><strong>librorum</strong></span> <span class='ocrx_word' id='word_1_18' title='bbox 584 643 742 727; x_wconf 81' lang='lat' dir='ltr'><strong>scriptura</strong></span> <span class='ocrx_word' id='word_1_19' title='bbox 762 643 854 727; x_wconf 76' lang='lat' dir='ltr'><strong>(inter</strong></span> <span class='ocrx_word' id='word_1_20' title='bbox 868 663 947 726; x_wconf 84' lang='lat' dir='ltr'><strong>qnos</strong></span> <span class='ocrx_word' id='word_1_21' title='bbox 962 643 1061 710; x_wconf 88' lang='lat' dir='ltr'><strong>libros</strong></span> <span class='ocrx_word' id='word_1_22' title='bbox 1077 650 1126 709; x_wconf 86' lang='lat' dir='ltr'><strong>est</strong></span> <span class='ocrx_word' id='word_1_23' title='bbox 1141 645 1167 709; x_wconf 93' lang='lat' dir='ltr'>P</span> <span class='ocrx_word' id='word_1_24' title='bbox 1181 645 1280 728; x_wconf 83' lang='lat' dir='ltr'><strong>meus)</strong></span> <span class='ocrx_word' id='word_1_25' title='bbox 1295 637 1455 725; x_wconf 84' lang='grc' dir='ltr'><strong><em>Ἀχαϊκάς</em></strong></span> 
     </span>
     <span class='ocr_line' id='line_1_4' title="bbox 314 739 1448 830; baseline -0.001 -18"><span class='ocrx_word' id='word_1_26' title='bbox 314 753 406 812; x_wconf 85' lang='lat' dir='ltr'><strong>extra</strong></span> <span class='ocrx_word' id='word_1_27' title='bbox 425 745 658 813; x_wconf 73' lang='lat' dir='ltr'><strong>dubitationem</strong></span> <span class='ocrx_word' id='word_1_28' title='bbox 681 753 731 811; x_wconf 89' lang='lat' dir='ltr'><strong>est</strong></span> <span class='ocrx_word' id='word_1_29' title='bbox 756 745 862 830; x_wconf 83' lang='lat' dir='ltr'><strong>posite</strong></span> <span class='ocrx_word' id='word_1_30' title='bbox 884 747 957 828; x_wconf 71' lang='lat' dir='ltr'><strong>ete]</strong></span> <span class='ocrx_word' id='word_1_31' title='bbox 991 739 1149 827; x_wconf 86' lang='grc' dir='ltr'><strong><em>ἀχαῑκὰς,</em></strong></span> <span class='ocrx_word' id='word_1_32' title='bbox 1185 753 1217 810; x_wconf 89' lang='lat' dir='ltr'><strong>et</strong></span> <span class='ocrx_word' id='word_1_33' title='bbox 1238 750 1307 810; x_wconf 83' lang='lat'>4517</span> <span class='ocrx_word' id='word_1_34' title='bbox 1336 749 1448 829; x_wconf 77' lang='lat'>(78612)</span> 
     </span>
    </p>
   </div>
   <div class='ocr_carea' id='block_1_2' title="bbox 315 843 880 934">
    <p class='ocr_par' dir='ltr' id='par_1_3' title="bbox 315 843 880 934">
     <span class='ocr_line' id='line_1_5' title="bbox 315 843 880 934; baseline -0.002 -20"><span class='ocrx_word' id='word_1_35' title='bbox 315 844 463 932; x_wconf 76' lang='grc' dir='ltr'><strong><em>ἀχαλκάνν</em></strong></span> <span class='ocrx_word' id='word_1_36' title='bbox 478 853 490 934; x_wconf 91' lang='grc' dir='ltr'><strong><em>ΙΙ</em></strong></span> <span class='ocrx_word' id='word_1_37' title='bbox 511 855 581 916; x_wconf 74' lang='grc'>4411</span> <span class='ocrx_word' id='word_1_38' title='bbox 602 851 712 932; x_wconf 82' lang='grc'>(78511)</span> <span class='ocrx_word' id='word_1_39' title='bbox 733 843 762 932; x_wconf 84' lang='grc' dir='ltr'><strong><em>ό)</em></strong></span> <span class='ocrx_word' id='word_1_40' title='bbox 791 843 834 926; x_wconf 82' lang='grc' dir='ltr'><strong><em>ὡς</em></strong></span> <span class='ocrx_word' id='word_1_41' title='bbox 849 843 880 914; x_wconf 90' lang='grc' dir='ltr'><strong><em>ό.</em></strong></span> 
     </span>
    </p>
   </div>
   <div class='ocr_carea' id='block_1_3' title="bbox 315 1001 1454 1292">
    <p class='ocr_par' dir='ltr' id='par_1_4' title="bbox 315 1001 1454 1292">
     <span class='ocr_line' id='line_1_6' title="bbox 399 1001 1454 1086; baseline -0.002 -18"><span class='ocrx_word' id='word_1_42' title='bbox 399 1004 459 1068; x_wconf 89' lang='grc' dir='ltr'><strong><em>ΠΙ.</em></strong></span> <span class='ocrx_word' id='word_1_43' title='bbox 489 1003 597 1069; x_wconf 85' lang='lat' dir='ltr'><strong>Tertio</strong></span> <span class='ocrx_word' id='word_1_44' title='bbox 619 1004 691 1068; x_wconf 87' lang='lat' dir='ltr'><strong>loeo</strong></span> <span class='ocrx_word' id='word_1_45' title='bbox 713 1022 770 1068; x_wconf 86' lang='lat' dir='ltr'><strong>eas</strong></span> <span class='ocrx_word' id='word_1_46' title='bbox 791 1002 946 1068; x_wconf 85' lang='lat' dir='ltr'><strong>lectiones</strong></span> <span class='ocrx_word' id='word_1_47' title='bbox 968 1001 1158 1079; x_wconf 80' lang='lat' dir='ltr'>adscribam,</span> <span class='ocrx_word' id='word_1_48' title='bbox 1190 1001 1306 1084; x_wconf 88' lang='lat' dir='ltr'><strong>quibus</strong></span> <span class='ocrx_word' id='word_1_49' title='bbox 1327 1003 1454 1086; x_wconf 86' lang='lat' dir='ltr'><strong>Diony-</strong></span> 
     </span>
     <span class='ocr_line' id='line_1_7' title="bbox 315 1103 1454 1186; baseline 0 -16"><span class='ocrx_word' id='word_1_50' title='bbox 315 1105 355 1170; x_wconf 86' lang='lat' dir='ltr'><strong><em>sii</em></strong></span> <span class='ocrx_word' id='word_1_51' title='bbox 370 1106 470 1172; x_wconf 86' lang='lat' dir='ltr'><strong>rerbe</strong></span> <span class='ocrx_word' id='word_1_52' title='bbox 485 1113 541 1172; x_wconf 88' lang='lat' dir='ltr'><strong><em>aut</em></strong></span> <span class='ocrx_word' id='word_1_53' title='bbox 557 1103 734 1171; x_wconf 83' lang='lat' dir='ltr'><strong>certissime</strong></span> <span class='ocrx_word' id='word_1_54' title='bbox 757 1105 967 1170; x_wconf 85' lang='lat' dir='ltr'><strong>emendentur</strong></span> <span class='ocrx_word' id='word_1_55' title='bbox 983 1113 1040 1170; x_wconf 86' lang='lat' dir='ltr'><strong><em>aut</em></strong></span> <span class='ocrx_word' id='word_1_56' title='bbox 1061 1105 1107 1170; x_wconf 84' lang='lat' dir='ltr'><strong>ite</strong></span> <span class='ocrx_word' id='word_1_57' title='bbox 1129 1112 1299 1186; x_wconf 83' lang='lat' dir='ltr'><strong>mutentur,</strong></span> <span class='ocrx_word' id='word_1_58' title='bbox 1325 1111 1360 1170; x_wconf 92' lang='lat' dir='ltr'><strong><em>ut</em></strong></span> <span class='ocrx_word' id='word_1_59' title='bbox 1381 1106 1454 1170; x_wconf 87' lang='lat' dir='ltr'><strong>vitii</strong></span> 
     </span>
     <span class='ocr_line' id='line_1_8' title="bbox 315 1209 604 1292; baseline -0.003 -17"><span class='ocrx_word' id='word_1_60' title='bbox 315 1209 408 1275; x_wconf 87' lang='lat' dir='ltr'><strong>sedes</strong></span> <span class='ocrx_word' id='word_1_61' title='bbox 423 1209 604 1292; x_wconf 82' lang='lat' dir='ltr'><strong>detegetur.</strong></span> 
     </span>
    </p>
   </div>
   <div class='ocr_carea' id='block_1_4' title="bbox 315 1338 1455 2047">
    <p class='ocr_par' dir='ltr' id='par_1_5' title="bbox 315 1338 1455 1632">
     <span class='ocr_line' id='line_1_9' title="bbox 380 1338 1455 1432; baseline -0.001 -22"><span class='ocrx_word' id='word_1_62' title='bbox 380 1367 412 1430; x_wconf 91' lang='lat' dir='ltr'><strong><em>p.</em></strong></span> <span class='ocrx_word' id='word_1_63' title='bbox 431 1351 479 1411; x_wconf 79' lang='lat'><strong><em>420</em></strong></span> <span class='ocrx_word' id='word_1_64' title='bbox 499 1347 661 1430; x_wconf 73' lang='grc'>(72511-11)</span> <span class='ocrx_word' id='word_1_65' title='bbox 692 1346 772 1430; x_wconf 84' lang='grc' dir='ltr'><strong><em>περὶ</em></strong></span> <span class='ocrx_word' id='word_1_66' title='bbox 801 1352 859 1432; x_wconf 78' lang='grc' dir='ltr'><strong><em>τῆς</em></strong></span> <span class='ocrx_word' id='word_1_67' title='bbox 910 1345 1064 1431; x_wconf 72' lang='grc' dir='ltr'><strong><em>περὶτῆς</em></strong></span> <span class='ocrx_word' id='word_1_68' title='bbox 1080 1338 1272 1430; x_wconf 78' lang='grc' dir='ltr'><strong><em>ἀποστολῆς</em></strong></span> <span class='ocrx_word' id='word_1_69' title='bbox 1291 1351 1351 1411; x_wconf 79' lang='grc' dir='ltr'><strong><em>τοῦ</em></strong></span> <span class='ocrx_word' id='word_1_70' title='bbox 1365 1345 1455 1423; x_wconf 86' lang='grc' dir='ltr'><strong><em>ξενι-</em></strong></span> 
     </span>
     <span class='ocr_line' id='line_1_10' title="bbox 316 1441 1236 1536; baseline 0.001 -25"><span class='ocrx_word' id='word_1_71' title='bbox 316 1441 508 1536; x_wconf 78' lang='grc' dir='ltr'><strong><em>ἀποστολῆς</em></strong></span> <span class='ocrx_word' id='word_1_72' title='bbox 538 1449 670 1528; x_wconf 79' lang='grc' dir='ltr'><strong><em>ξενικοῦ</em></strong></span> <span class='ocrx_word' id='word_1_73' title='bbox 697 1445 859 1532; x_wconf 84' lang='grc' dir='ltr'><strong><em>στρατεό-</em></strong></span> <span class='ocrx_word' id='word_1_74' title='bbox 910 1454 971 1513; x_wconf 80' lang='grc' dir='ltr'><strong><em>κοῦ</em></strong></span> <span class='ocrx_word' id='word_1_75' title='bbox 986 1445 1236 1532; x_wconf 81' lang='grc' dir='ltr'><strong><em>στρατεύματος</em></strong></span> 
     </span>
     <span class='ocr_line' id='line_1_11' title="bbox 315 1573 421 1632; baseline 0.009 -18"><span class='ocrx_word' id='word_1_76' title='bbox 315 1573 421 1632; x_wconf 83' lang='grc' dir='ltr'><strong><em>ματος</em></strong></span> 
     </span>
    </p>

    <p class='ocr_par' dir='ltr' id='par_1_6' title="bbox 315 1650 1455 2047">
     <span class='ocr_line' id='line_1_12' title="bbox 384 1650 1455 1738; baseline 0.002 -22"><span class='ocrx_word' id='word_1_77' title='bbox 384 1658 449 1717; x_wconf 91' lang='grc'>1111</span> <span class='ocrx_word' id='word_1_78' title='bbox 471 1655 571 1736; x_wconf 77' lang='grc'>(7363)</span> <span class='ocrx_word' id='word_1_79' title='bbox 596 1653 675 1738; x_wconf 85' lang='grc' dir='ltr'><strong><em>περὶ</em></strong></span> <span class='ocrx_word' id='word_1_80' title='bbox 699 1653 735 1717; x_wconf 79' lang='grc' dir='ltr'><strong><em>δέ</em></strong></span> <span class='ocrx_word' id='word_1_81' title='bbox 757 1658 858 1718; x_wconf 91' lang='grc' dir='ltr'><strong><em>πέντε</em></strong></span> <span class='ocrx_word' id='word_1_82' title='bbox 911 1653 991 1736; x_wconf 83' lang='grc' dir='ltr'><strong><em>περὶ</em></strong></span> <span class='ocrx_word' id='word_1_83' title='bbox 1018 1651 1054 1716; x_wconf 79' lang='grc' dir='ltr'><strong><em>δὲ</em></strong></span> <span class='ocrx_word' id='word_1_84' title='bbox 1080 1651 1201 1737; x_wconf 78' lang='grc' dir='ltr'><strong><em>λόγους</em></strong></span> <span class='ocrx_word' id='word_1_85' title='bbox 1230 1650 1371 1738; x_wconf 81' lang='grc' dir='ltr'><em>δηλώσει</em></span> <span class='ocrx_word' id='word_1_86' title='bbox 1395 1651 1455 1729; x_wconf 76' lang='grc' dir='ltr'><strong><em>οὓς</em></strong></span> 
     </span>
     <span class='ocr_line' id='line_1_13' title="bbox 315 1753 1455 1842; baseline 0 -22"><span class='ocrx_word' id='word_1_87' title='bbox 315 1753 436 1840; x_wconf 78' lang='grc' dir='ltr'><strong><em>λόγους</em></strong></span> <span class='ocrx_word' id='word_1_88' title='bbox 458 1755 650 1842; x_wconf 77' lang='grc' dir='ltr'><strong><em>δημοσίους.</em></strong></span> <span class='ocrx_word' id='word_1_89' title='bbox 692 1758 732 1838; x_wconf 78' lang='lat' dir='ltr'><strong><em>[t]</em></strong></span> <span class='ocrx_word' id='word_1_90' title='bbox 757 1757 860 1822; x_wconf 61' lang='lat' dir='ltr'><strong>Note</strong></span> <span class='ocrx_word' id='word_1_91' title='bbox 911 1761 1029 1836; x_wconf 85' lang='lat' dir='ltr'><strong>textus,</strong></span> <span class='ocrx_word' id='word_1_92' title='bbox 1046 1755 1081 1819; x_wconf 91' lang='lat' dir='ltr'><strong><em>in</em></strong></span> <span class='ocrx_word' id='word_1_93' title='bbox 1095 1777 1159 1841; x_wconf 87' lang='lat' dir='ltr'><strong><em>mg.</em></strong></span> <span class='ocrx_word' id='word_1_94' title='bbox 1174 1755 1221 1820; x_wconf 74' lang='grc' dir='ltr'><strong><em>Μ1</em></strong></span> <span class='ocrx_word' id='word_1_95' title='bbox 1236 1756 1332 1820; x_wconf 86' lang='lat' dir='ltr'><strong>rubr-0</strong></span> <span class='ocrx_word' id='word_1_96' title='bbox 1351 1759 1455 1820; x_wconf 88' lang='grc' dir='ltr'><strong><em>πέντε</em></strong></span> 
     </span>
     <span class='ocr_line' id='line_1_14' title="bbox 315 1856 1452 1944; baseline -0.002 -20"><span class='ocrx_word' id='word_1_97' title='bbox 315 1858 373 1924; x_wconf 91' lang='lat' dir='ltr'><strong>bili</strong></span> <span class='ocrx_word' id='word_1_98' title='bbox 395 1858 489 1924; x_wconf 90' lang='lat' dir='ltr'><strong>modo</strong></span> <span class='ocrx_word' id='word_1_99' title='bbox 507 1859 541 1924; x_wconf 92' lang='lat' dir='ltr'><strong><em>in</em></strong></span> <span class='ocrx_word' id='word_1_100' title='bbox 560 1859 655 1924; x_wconf 88' lang='lat' dir='ltr'><strong>Amb.</strong></span> <span class='ocrx_word' id='word_1_101' title='bbox 680 1858 761 1926; x_wconf 79' lang='lat' dir='ltr'><strong>haee</strong></span> <span class='ocrx_word' id='word_1_102' title='bbox 787 1879 859 1924; x_wconf 89' lang='lat' dir='ltr'><strong>eor·</strong></span> <span class='ocrx_word' id='word_1_103' title='bbox 912 1857 948 1923; x_wconf 79' lang='grc' dir='ltr'><strong><em>δὲ</em></strong></span> <span class='ocrx_word' id='word_1_104' title='bbox 983 1856 1106 1942; x_wconf 81' lang='grc' dir='ltr'><strong><em>λόγους</em></strong></span> <span class='ocrx_word' id='word_1_105' title='bbox 1150 1857 1343 1944; x_wconf 80' lang='grc' dir='ltr'><strong><em>δημοσίους.</em></strong></span> <span class='ocrx_word' id='word_1_106' title='bbox 1397 1857 1452 1923; x_wconf 78' lang='lat' dir='ltr'><strong><em>Of.</em></strong></span> 
     </span>
     <span class='ocr_line' id='line_1_15' title="bbox 315 1959 1455 2047; baseline 0.001 -22"><span class='ocrx_word' id='word_1_107' title='bbox 315 1968 408 2046; x_wconf 85' lang='lat' dir='ltr'><strong>rupta</strong></span> <span class='ocrx_word' id='word_1_108' title='bbox 419 1969 507 2026; x_wconf 91' lang='lat' dir='ltr'><strong>sunt:</strong></span> <span class='ocrx_word' id='word_1_109' title='bbox 527 1962 608 2046; x_wconf 84' lang='grc' dir='ltr'><strong><em>περὶ</em></strong></span> <span class='ocrx_word' id='word_1_110' title='bbox 619 1961 656 2026; x_wconf 77' lang='grc' dir='ltr'><strong><em>δὲ</em></strong></span> <span class='ocrx_word' id='word_1_111' title='bbox 668 1959 789 2046; x_wconf 79' lang='grc' dir='ltr'><strong><em>λόγους</em></strong></span> <span class='ocrx_word' id='word_1_112' title='bbox 801 1961 859 2047; x_wconf 69' lang='lat' dir='ltr'><strong><em>dq—</em></strong></span> <span class='ocrx_word' id='word_1_113' title='bbox 911 1960 1090 2045; x_wconf 85' lang='lat' dir='ltr'><strong>Sauppium</strong></span> <span class='ocrx_word' id='word_1_114' title='bbox 1104 1961 1138 2026; x_wconf 94' lang='lat' dir='ltr'><strong><em>in</em></strong></span> <span class='ocrx_word' id='word_1_115' title='bbox 1156 1961 1285 2040; x_wconf 82' lang='lat' dir='ltr'><strong>„Goett</strong></span> <span class='ocrx_word' id='word_1_116' title='bbox 1305 1960 1368 2044; x_wconf 84' lang='lat' dir='ltr'><strong>gel.</strong></span> <span class='ocrx_word' id='word_1_117' title='bbox 1384 1961 1455 2026; x_wconf 91' lang='lat' dir='ltr'><strong><em>An-</em></strong></span> 
     </span>
    </p>
   </div>
   <div class='ocr_carea' id='block_1_5' title="bbox 315 2060 884 4096">
    <p class='ocr_par' dir='ltr' id='par_1_7' title="bbox 316 2060 859 2252">
     <span class='ocr_line' id='line_1_16' title="bbox 316 2060 859 2147; baseline 0.006 -20"><span class='ocrx_word' id='word_1_118' title='bbox 316 2061 415 2128; x_wconf 86' lang='grc' dir='ltr'><strong><em>λώσει</em></strong></span> <span class='ocrx_word' id='word_1_119' title='bbox 436 2060 487 2140; x_wconf 79' lang='grc' dir='ltr'><strong><em>οἷς</em></strong></span> <span class='ocrx_word' id='word_1_120' title='bbox 508 2063 567 2142; x_wconf 84' lang='grc' dir='ltr'><strong><em>εἰς.</em></strong></span> <span class='ocrx_word' id='word_1_121' title='bbox 599 2063 732 2147; x_wconf 82' lang='lat' dir='ltr'><strong>Legitur</strong></span> <span class='ocrx_word' id='word_1_122' title='bbox 753 2071 859 2130; x_wconf 78' lang='lat' dir='ltr'><strong>tamen</strong></span> 
     </span>
     <span class='ocr_line' id='line_1_17' title="bbox 316 2167 726 2252; baseline -0.01 -20"><span class='ocrx_word' id='word_1_123' title='bbox 316 2186 396 2232; x_wconf 85' lang='lat' dir='ltr'><strong>sana</strong></span> <span class='ocrx_word' id='word_1_124' title='bbox 410 2167 505 2232; x_wconf 84' lang='lat' dir='ltr'><strong>lectio</strong></span> <span class='ocrx_word' id='word_1_125' title='bbox 522 2167 556 2232; x_wconf 93' lang='lat' dir='ltr'><strong><em>in</em></strong></span> <span class='ocrx_word' id='word_1_126' title='bbox 571 2168 726 2252; x_wconf 83' lang='lat' dir='ltr'><strong>margine.</strong></span> 
     </span>
    </p>

    <p class='ocr_par' dir='ltr' id='par_1_8' title="bbox 316 2263 860 2557">
     <span class='ocr_line' id='line_1_18' title="bbox 383 2263 860 2352; baseline 0 -20"><span class='ocrx_word' id='word_1_127' title='bbox 383 2294 409 2352; x_wconf 83' lang='grc' dir='ltr'><strong><em>1ο</em></strong></span> <span class='ocrx_word' id='word_1_128' title='bbox 430 2271 524 2352; x_wconf 84' lang='grc'>(7361)</span> <span class='ocrx_word' id='word_1_129' title='bbox 552 2265 631 2345; x_wconf 82' lang='grc' dir='ltr'><strong><em>τοὺς</em></strong></span> <span class='ocrx_word' id='word_1_130' title='bbox 653 2265 775 2346; x_wconf 86' lang='grc' dir='ltr'><strong><em>ἀλλους</em></strong></span> <span class='ocrx_word' id='word_1_131' title='bbox 798 2263 860 2333; x_wconf 83' lang='grc' dir='ltr'><strong><em>αό-</em></strong></span> 
     </span>
     <span class='ocr_line' id='line_1_19' title="bbox 316 2365 860 2456; baseline 0.002 -21"><span class='ocrx_word' id='word_1_132' title='bbox 316 2379 376 2438; x_wconf 82' lang='grc' dir='ltr'><strong><em>τοῦ</em></strong></span> <span class='ocrx_word' id='word_1_133' title='bbox 405 2369 526 2456; x_wconf 79' lang='grc' dir='ltr'><strong><em>λόγους</em></strong></span> <span class='ocrx_word' id='word_1_134' title='bbox 561 2365 695 2454; x_wconf 75' lang='grc' dir='ltr'><strong><em>μάλιστ’</em></strong></span> <span class='ocrx_word' id='word_1_135' title='bbox 729 2365 860 2438; x_wconf 79' lang='grc' dir='ltr'><strong><em>εὐδοκι-</em></strong></span> 
     </span>
     <span class='ocr_line' id='line_1_20' title="bbox 316 2481 464 2557; baseline -0.007 -18"><span class='ocrx_word' id='word_1_136' title='bbox 316 2481 464 2557; x_wconf 81' lang='grc' dir='ltr'><strong><em>μοῦντας</em></strong></span> 
     </span>
    </p>

    <p class='ocr_par' dir='ltr' id='par_1_9' title="bbox 316 2579 884 2766">
     <span class='ocr_line' id='line_1_21' title="bbox 384 2579 884 2664; baseline -0.002 -23"><span class='ocrx_word' id='word_1_137' title='bbox 384 2583 456 2642; x_wconf 79' lang='grc'>1111</span> <span class='ocrx_word' id='word_1_138' title='bbox 485 2579 584 2660; x_wconf 77' lang='grc'>(7419)</span> <span class='ocrx_word' id='word_1_139' title='bbox 612 2580 884 2664; x_wconf 65' lang='grc' dir='ltr'><strong><em>Δημοσθένους.</em></strong></span> 
     </span>
     <span class='ocr_line' id='line_1_22' title="bbox 316 2673 755 2766; baseline 0.005 -22"><span class='ocrx_word' id='word_1_140' title='bbox 316 2681 617 2766; x_wconf 84' lang='grc' dir='ltr'><strong><em>παρακαλέσαντος</em></strong></span> <span class='ocrx_word' id='word_1_141' title='bbox 633 2673 755 2758; x_wconf 81' lang='grc' dir='ltr'><strong><em>αὐτοὺς</em></strong></span> 
     </span>
    </p>

    <p class='ocr_par' dir='ltr' id='par_1_10' title="bbox 315 2780 861 3279">
     <span class='ocr_line' id='line_1_23' title="bbox 384 2780 861 2868; baseline 0.004 -22"><span class='ocrx_word' id='word_1_142' title='bbox 384 2787 452 2846; x_wconf 77' lang='grc'>1511</span> <span class='ocrx_word' id='word_1_143' title='bbox 464 2784 576 2866; x_wconf 78' lang='grc'>(74211)</span> <span class='ocrx_word' id='word_1_144' title='bbox 598 2780 634 2848; x_wconf 82' lang='grc' dir='ltr'><strong><em>έν</em></strong></span> <span class='ocrx_word' id='word_1_145' title='bbox 647 2789 694 2867; x_wconf 78' lang='grc' dir='ltr'><strong><em>τῷ</em></strong></span> <span class='ocrx_word' id='word_1_146' title='bbox 705 2784 786 2868; x_wconf 84' lang='grc' dir='ltr'><strong><em>περὶ</em></strong></span> <span class='ocrx_word' id='word_1_147' title='bbox 800 2789 861 2848; x_wconf 77' lang='grc' dir='ltr'><strong><em>τοῦ</em></strong></span> 
     </span>
     <span class='ocr_line' id='line_1_24' title="bbox 317 2882 860 2972; baseline 0.004 -22"><span class='ocrx_word' id='word_1_148' title='bbox 317 2882 489 2972; x_wconf 80' lang='grc' dir='ltr'><strong><em>στεφάνου</em></strong></span> <span class='ocrx_word' id='word_1_149' title='bbox 515 2887 554 2968; x_wconf 83' lang='grc'><strong><em>(6)</em></strong></span> <span class='ocrx_word' id='word_1_150' title='bbox 582 2883 682 2970; x_wconf 85' lang='grc' dir='ltr'><strong><em>λόγῳ,</em></strong></span> <span class='ocrx_word' id='word_1_151' title='bbox 724 2888 764 2969; x_wconf 81' lang='grc'><strong><em>(6)</em></strong></span> <span class='ocrx_word' id='word_1_152' title='bbox 791 2885 860 2952; x_wconf 82' lang='lat' dir='ltr'><strong><em>Ad-</em></strong></span> 
     </span>
     <span class='ocr_line' id='line_1_25' title="bbox 315 2987 857 3075; baseline -0.006 -22"><span class='ocrx_word' id='word_1_153' title='bbox 315 2988 384 3054; x_wconf 89' lang='lat' dir='ltr'><strong>didi</strong></span> <span class='ocrx_word' id='word_1_154' title='bbox 399 2987 567 3054; x_wconf 82' lang='lat' dir='ltr'><strong>artieulum</strong></span> <span class='ocrx_word' id='word_1_155' title='bbox 584 2995 659 3056; x_wconf 82' lang='lat' dir='ltr'><strong>ante</strong></span> <span class='ocrx_word' id='word_1_156' title='bbox 675 2987 857 3075; x_wconf 81' lang='grc' dir='ltr'><strong><em>στεφάνου.</em></strong></span> 
     </span>
     <span class='ocr_line' id='line_1_26' title="bbox 317 3087 860 3178; baseline 0 -22"><span class='ocrx_word' id='word_1_157' title='bbox 317 3091 368 3157; x_wconf 78' lang='lat' dir='ltr'><strong><em>Of.</em></strong></span> <span class='ocrx_word' id='word_1_158' title='bbox 386 3113 417 3156; x_wconf 88' lang='lat' dir='ltr'><strong><em>v.</em></strong></span> <span class='ocrx_word' id='word_1_159' title='bbox 437 3111 465 3156; x_wconf 85' lang='lat' dir='ltr'><strong>e.</strong></span> <span class='ocrx_word' id='word_1_160' title='bbox 484 3111 557 3175; x_wconf 79' lang='lat' dir='ltr'>cap.</span> <span class='ocrx_word' id='word_1_161' title='bbox 572 3092 653 3158; x_wconf 90' lang='lat' dir='ltr'>XII:</span> <span class='ocrx_word' id='word_1_162' title='bbox 679 3088 770 3178; x_wconf 86' lang='grc' dir='ltr'><strong><em>πλὴν</em></strong></span> <span class='ocrx_word' id='word_1_163' title='bbox 785 3087 860 3167; x_wconf 81' lang='grc' dir='ltr'><strong><em>ἑνὸς</em></strong></span> 
     </span>
     <span class='ocr_line' id='line_1_27' title="bbox 317 3192 817 3279; baseline -0.002 -22"><span class='ocrx_word' id='word_1_164' title='bbox 317 3201 377 3260; x_wconf 79' lang='grc' dir='ltr'><strong><em>τοῦ</em></strong></span> <span class='ocrx_word' id='word_1_165' title='bbox 392 3194 473 3278; x_wconf 85' lang='grc' dir='ltr'><strong><em>περὶ</em></strong></span> <span class='ocrx_word' id='word_1_166' title='bbox 487 3201 548 3259; x_wconf 85' lang='grc' dir='ltr'><strong><em>τοῦ</em></strong></span> <span class='ocrx_word' id='word_1_167' title='bbox 564 3192 735 3279; x_wconf 76' lang='grc' dir='ltr'><strong><em>στεφάνου</em></strong></span> <span class='ocrx_word' id='word_1_168' title='bbox 751 3192 817 3258; x_wconf 82' lang='grc' dir='ltr'><strong><em>κτέ.</em></strong></span> 
     </span>
    </p>

    <p class='ocr_par' dir='ltr' id='par_1_11' title="bbox 317 3293 862 3689">
     <span class='ocr_line' id='line_1_28' title="bbox 385 3293 861 3381; baseline 0.006 -22"><span class='ocrx_word' id='word_1_169' title='bbox 385 3299 442 3360; x_wconf 88' lang='grc'><strong><em>161</em></strong></span> <span class='ocrx_word' id='word_1_170' title='bbox 464 3298 596 3381; x_wconf 75' lang='grc'>(7431-1)</span> <span class='ocrx_word' id='word_1_171' title='bbox 622 3293 663 3359; x_wconf 82' lang='grc' dir='ltr'><strong><em>τὰ</em></strong></span> <span class='ocrx_word' id='word_1_172' title='bbox 684 3294 759 3362; x_wconf 88' lang='grc' dir='ltr'><strong><em>τότε</em></strong></span> <span class='ocrx_word' id='word_1_173' title='bbox 776 3318 861 3378; x_wconf 90' lang='grc' dir='ltr'><strong><em>συμ-</em></strong></span> 
     </span>
     <span class='ocr_line' id='line_1_29' title="bbox 317 3395 862 3482; baseline 0 -18"><span class='ocrx_word' id='word_1_174' title='bbox 317 3398 426 3482; x_wconf 80' lang='grc' dir='ltr'><strong><em>βάντα</em></strong></span> <span class='ocrx_word' id='word_1_175' title='bbox 450 3395 642 3482; x_wconf 75' lang='grc' dir='ltr'><strong><em>όιεξελθὼν,</em></strong></span> <span class='ocrx_word' id='word_1_176' title='bbox 678 3395 862 3478; x_wconf 76' lang='grc' dir='ltr'><strong><em>διεξελθὼν</em></strong></span> 
     </span>
     <span class='ocr_line' id='line_1_30' title="bbox 317 3496 861 3588; baseline -0.002 -21"><span class='ocrx_word' id='word_1_177' title='bbox 317 3503 354 3567; x_wconf 71' lang='lat' dir='ltr'><strong><em>dd</em></strong></span> <span class='ocrx_word' id='word_1_178' title='bbox 369 3499 515 3578; x_wconf 81' lang='grc' dir='ltr'><strong><em>καὶτοὺς</em></strong></span> <span class='ocrx_word' id='word_1_179' title='bbox 528 3501 696 3588; x_wconf 77' lang='grc' dir='ltr'><strong><em>ῥηθέντας</em></strong></span> <span class='ocrx_word' id='word_1_180' title='bbox 708 3496 765 3588; x_wconf 79' lang='grc' dir='ltr'><strong><em>ὑφ’</em></strong></span> <span class='ocrx_word' id='word_1_181' title='bbox 782 3499 861 3566; x_wconf 79' lang='grc' dir='ltr'><strong><em>ἑαυ-</em></strong></span> 
     </span>
     <span class='ocr_line' id='line_1_31' title="bbox 317 3603 512 3689; baseline 0 -21"><span class='ocrx_word' id='word_1_182' title='bbox 317 3612 378 3672; x_wconf 83' lang='grc' dir='ltr'><strong><em>τοῦ</em></strong></span> <span class='ocrx_word' id='word_1_183' title='bbox 392 3603 512 3689; x_wconf 88' lang='grc' dir='ltr'><strong><em>λόγους</em></strong></span> 
     </span>
    </p>

    <p class='ocr_par' dir='ltr' id='par_1_12' title="bbox 318 3706 863 3978">
     <span class='ocr_line' id='line_1_32' title="bbox 386 3706 860 3791; baseline 0 -19"><span class='ocrx_word' id='word_1_184' title='bbox 386 3712 456 3772; x_wconf 77' lang='grc'>1911</span> <span class='ocrx_word' id='word_1_185' title='bbox 478 3709 574 3789; x_wconf 76' lang='grc'>(7191)</span> <span class='ocrx_word' id='word_1_186' title='bbox 602 3706 718 3791; x_wconf 74' lang='grc' dir='ltr'><strong><em>πολλῷ</em></strong></span> <span class='ocrx_word' id='word_1_187' title='bbox 739 3711 860 3772; x_wconf 84' lang='grc' dir='ltr'><strong><em>νεωτέ-</em></strong></span> 
     </span>
     <span class='ocr_line' id='line_1_33' title="bbox 319 3809 863 3894; baseline 0.009 -22"><span class='ocrx_word' id='word_1_188' title='bbox 319 3833 392 3894; x_wconf 82' lang='grc' dir='ltr'><strong><em>ρας.</em></strong></span> <span class='ocrx_word' id='word_1_189' title='bbox 437 3811 476 3892; x_wconf 77' lang='grc'><strong><em>(5)</em></strong></span> <span class='ocrx_word' id='word_1_190' title='bbox 504 3810 608 3892; x_wconf 81' lang='lat' dir='ltr'>Vulgo</span> <span class='ocrx_word' id='word_1_191' title='bbox 637 3809 773 3875; x_wconf 80' lang='grc' dir='ltr'><strong><em>πολλῶν</em></strong></span> <span class='ocrx_word' id='word_1_192' title='bbox 803 3811 863 3876; x_wconf 80' lang='lat' dir='ltr'><strong><em>ab·</em></strong></span> 
     </span>
     <span class='ocr_line' id='line_1_34' title="bbox 318 3912 424 3978; baseline -0.019 -1"><span class='ocrx_word' id='word_1_193' title='bbox 318 3912 424 3978; x_wconf 86' lang='lat' dir='ltr'><strong>surde.</strong></span> 
     </span>
    </p>

    <p class='ocr_par' dir='ltr' id='par_1_13' title="bbox 384 4007 862 4096">
     <span class='ocr_line' id='line_1_35' title="bbox 384 4007 862 4096; baseline 0.002 -18"><span class='ocrx_word' id='word_1_194' title='bbox 384 4019 452 4080; x_wconf 69' lang='lat'><strong>211⁵</strong></span> <span class='ocrx_word' id='word_1_195' title='bbox 473 4017 607 4096; x_wconf 79' lang='grc'>(7521-1)</span> <span class='ocrx_word' id='word_1_196' title='bbox 628 4007 763 4094; x_wconf 88' lang='grc' dir='ltr'><strong><em>ἀσεβεῖν</em></strong></span> <span class='ocrx_word' id='word_1_197' title='bbox 779 4008 862 4096; x_wconf 87' lang='grc' dir='ltr'><strong><em>όμο-</em></strong></span> 
     </span>
    </p>
   </div>
   <div class='ocr_carea' id='block_1_6' title="bbox 318 4171 524 4182">
    <p class='ocr_par' dir='ltr' id='par_1_14' title="bbox 318 4171 524 4182">
     <span class='ocr_line' id='line_1_36' title="bbox 318 4171 524 4182; baseline -0.01 0"><span class='ocrx_word' id='word_1_198' title='bbox 318 4171 524 4182; x_wconf 82' lang='lat'><strong><em>—-——</em></strong></span> 
     </span>
    </p>
   </div>
   <div class='ocr_carea' id='block_1_7' title="bbox 389 4251 624 4320">
    <p class='ocr_par' dir='ltr' id='par_1_15' title="bbox 389 4251 624 4320">
     <span class='ocr_line' id='line_1_37' title="bbox 389 4251 624 4320; baseline -0.009 -12"><span class='ocrx_word' id='word_1_199' title='bbox 389 4258 406 4320; x_wconf 86' lang='lat'><strong><em>¹)</em></strong></span> <span class='ocrx_word' id='word_1_200' title='bbox 429 4251 574 4316; x_wconf 79' lang='grc' dir='ltr'><strong><em>διεξελθὸν</em></strong></span> <span class='ocrx_word' id='word_1_201' title='bbox 589 4254 624 4308; x_wconf 88' lang='grc' dir='ltr'><strong><em>Μ.</em></strong></span> 
     </span>
    </p>
   </div>
   <div class='ocr_carea' id='block_1_8' title="bbox 911 2062 1266 2148">
    <p class='ocr_par' dir='ltr' id='par_1_16' title="bbox 911 2062 1266 2148">
     <span class='ocr_line' id='line_1_38' title="bbox 911 2062 1266 2148; baseline -0.006 -20"><span class='ocrx_word' id='word_1_202' title='bbox 911 2062 1016 2146; x_wconf 83' lang='lat' dir='ltr'><strong>zeig.“</strong></span> <span class='ocrx_word' id='word_1_203' title='bbox 1044 2065 1126 2128; x_wconf 88' lang='lat'>1863</span> <span class='ocrx_word' id='word_1_204' title='bbox 1142 2084 1176 2148; x_wconf 90' lang='lat' dir='ltr'><strong><em>p.</em></strong></span> <span class='ocrx_word' id='word_1_205' title='bbox 1193 2067 1266 2128; x_wconf 83' lang='lat'><strong>125.</strong></span> 
     </span>
    </p>
   </div>
   <div class='ocr_carea' id='block_1_9' title="bbox 910 2261 1457 2454">
    <p class='ocr_par' dir='ltr' id='par_1_17' title="bbox 910 2261 1457 2454">
     <span class='ocr_line' id='line_1_39' title="bbox 912 2261 1457 2352; baseline 0 -18"><span class='ocrx_word' id='word_1_206' title='bbox 912 2265 990 2344; x_wconf 81' lang='grc' dir='ltr'><strong><em>τοὺς</em></strong></span> <span class='ocrx_word' id='word_1_207' title='bbox 1001 2261 1123 2344; x_wconf 90' lang='grc' dir='ltr'><strong><em>ἀλλους</em></strong></span> <span class='ocrx_word' id='word_1_208' title='bbox 1132 2261 1237 2334; x_wconf 79' lang='grc' dir='ltr'><strong><em>αὐτοῦ</em></strong></span> <span class='ocrx_word' id='word_1_209' title='bbox 1247 2266 1368 2352; x_wconf 88' lang='grc' dir='ltr'><strong><em>λόγους</em></strong></span> <span class='ocrx_word' id='word_1_210' title='bbox 1376 2266 1457 2344; x_wconf 83' lang='grc' dir='ltr'><strong><em>τοὺς</em></strong></span> 
     </span>
     <span class='ocr_line' id='line_1_40' title="bbox 910 2364 1334 2454; baseline -0.002 -19"><span class='ocrx_word' id='word_1_211' title='bbox 910 2369 1058 2454; x_wconf 85' lang='grc' dir='ltr'><strong><em>μάλιστα</em></strong></span> <span class='ocrx_word' id='word_1_212' title='bbox 1073 2364 1334 2452; x_wconf 76' lang='grc' dir='ltr'><strong><em>εὐδοκιμοῦντας</em></strong></span> 
     </span>
    </p>
   </div>
   <div class='ocr_carea' id='block_1_10' title="bbox 912 2576 1460 3176">
    <p class='ocr_par' dir='ltr' id='par_1_18' title="bbox 912 2576 1460 3176">
     <span class='ocr_line' id='line_1_41' title="bbox 912 2576 1460 2664; baseline -0.007 -20"><span class='ocrx_word' id='word_1_213' title='bbox 912 2577 1147 2664; x_wconf 77' lang='grc' dir='ltr'><strong><em>δημοσθένους</em></strong></span> <span class='ocrx_word' id='word_1_214' title='bbox 1194 2576 1460 2662; x_wconf 84' lang='grc' dir='ltr'><strong><em>παρακαλέσαν-</em></strong></span> 
     </span>
     <span class='ocr_line' id='line_1_42' title="bbox 912 2673 1379 2765; baseline -0.004 -21"><span class='ocrx_word' id='word_1_215' title='bbox 912 2703 969 2756; x_wconf 92' lang='grc' dir='ltr'><strong><em>τος</em></strong></span> <span class='ocrx_word' id='word_1_216' title='bbox 985 2673 1099 2760; x_wconf 82' lang='grc' dir='ltr'><strong><em>αὐτόν,</em></strong></span> <span class='ocrx_word' id='word_1_217' title='bbox 1126 2699 1171 2746; x_wconf 82' lang='lat' dir='ltr'><strong><em>sc.</em></strong></span> <span class='ocrx_word' id='word_1_218' title='bbox 1190 2675 1250 2744; x_wconf 87' lang='grc' dir='ltr'><strong><em>τὸν</em></strong></span> <span class='ocrx_word' id='word_1_219' title='bbox 1264 2678 1379 2765; x_wconf 75' lang='grc' dir='ltr'><strong><em>δῆμον.</em></strong></span> 
     </span>
     <span class='ocr_line' id='line_1_43' title="bbox 913 2779 1460 2868; baseline -0.009 -18"><span class='ocrx_word' id='word_1_220' title='bbox 913 2782 949 2850; x_wconf 82' lang='grc' dir='ltr'><strong><em>ἐν</em></strong></span> <span class='ocrx_word' id='word_1_221' title='bbox 971 2790 1016 2846; x_wconf 82' lang='grc' dir='ltr'><strong><em>τῶ</em></strong></span> <span class='ocrx_word' id='word_1_222' title='bbox 1030 2783 1111 2867; x_wconf 88' lang='grc' dir='ltr'><strong><em>περὶ</em></strong></span> <span class='ocrx_word' id='word_1_223' title='bbox 1133 2789 1193 2847; x_wconf 81' lang='grc' dir='ltr'><strong><em>τοῦ</em></strong></span> <span class='ocrx_word' id='word_1_224' title='bbox 1211 2779 1382 2868; x_wconf 79' lang='grc' dir='ltr'><strong><em>στεφάνου</em></strong></span> <span class='ocrx_word' id='word_1_225' title='bbox 1398 2781 1460 2846; x_wconf 92' lang='grc' dir='ltr'><strong><em>λό-</em></strong></span> 
     </span>
     <span class='ocr_line' id='line_1_44' title="bbox 912 2883 1458 2970; baseline 0 -20"><span class='ocrx_word' id='word_1_226' title='bbox 912 2901 971 2970; x_wconf 81' lang='grc' dir='ltr'><strong><em>γω.</em></strong></span> <span class='ocrx_word' id='word_1_227' title='bbox 1008 2886 1083 2952; x_wconf 87' lang='lat' dir='ltr'><strong>Alia</strong></span> <span class='ocrx_word' id='word_1_228' title='bbox 1097 2885 1256 2968; x_wconf 81' lang='lat' dir='ltr'><strong>exempla,</strong></span> <span class='ocrx_word' id='word_1_229' title='bbox 1282 2883 1310 2950; x_wconf 92' lang='lat' dir='ltr'><strong><em>si</em></strong></span> <span class='ocrx_word' id='word_1_230' title='bbox 1324 2884 1458 2966; x_wconf 87' lang='lat' dir='ltr'><strong>quidem</strong></span> 
     </span>
     <span class='ocr_line' id='line_1_45' title="bbox 912 2987 1456 3072; baseline -0.002 -18"><span class='ocrx_word' id='word_1_231' title='bbox 912 2988 946 3054; x_wconf 92' lang='lat' dir='ltr'><strong><em>in</em></strong></span> <span class='ocrx_word' id='word_1_232' title='bbox 968 3009 1003 3054; x_wconf 90' lang='lat' dir='ltr'><strong>re</strong></span> <span class='ocrx_word' id='word_1_233' title='bbox 1024 2987 1204 3054; x_wconf 82' lang='lat' dir='ltr'><strong>certissime</strong></span> <span class='ocrx_word' id='word_1_234' title='bbox 1225 2987 1265 3052; x_wconf 89' lang='lat' dir='ltr'><strong><em>iis</em></strong></span> <span class='ocrx_word' id='word_1_235' title='bbox 1286 3007 1366 3072; x_wconf 87' lang='lat' dir='ltr'><strong>opus</strong></span> <span class='ocrx_word' id='word_1_236' title='bbox 1392 2997 1456 3069; x_wconf 83' lang='lat' dir='ltr'><strong>est,</strong></span> 
     </span>
     <span class='ocr_line' id='line_1_46' title="bbox 912 3090 1401 3176; baseline -0.008 -20"><span class='ocrx_word' id='word_1_237' title='bbox 912 3090 1012 3158; x_wconf 78' lang='lat' dir='ltr'><strong>nabes</strong></span> <span class='ocrx_word' id='word_1_238' title='bbox 1028 3113 1060 3176; x_wconf 86' lang='lat' dir='ltr'><strong><em>p.</em></strong></span> <span class='ocrx_word' id='word_1_239' title='bbox 1079 3094 1164 3170; x_wconf 74' lang='lat'>119³,</span> <span class='ocrx_word' id='word_1_240' title='bbox 1185 3094 1272 3173; x_wconf 80' lang='lat'><strong>9491,</strong></span> <span class='ocrx_word' id='word_1_241' title='bbox 1295 3092 1401 3156; x_wconf 63' lang='lat' dir='ltr'><strong>reses.</strong></span> 
     </span>
    </p>
   </div>
   <div class='ocr_carea' id='block_1_11' title="bbox 913 3292 1461 3485">
    <p class='ocr_par' dir='ltr' id='par_1_19' title="bbox 913 3292 1461 3485">
     <span class='ocr_line' id='line_1_47' title="bbox 914 3292 1455 3379; baseline 0.004 -20"><span class='ocrx_word' id='word_1_242' title='bbox 914 3292 955 3359; x_wconf 86' lang='grc' dir='ltr'><strong><em>τὰ</em></strong></span> <span class='ocrx_word' id='word_1_243' title='bbox 971 3294 1045 3360; x_wconf 85' lang='grc' dir='ltr'><strong><em>τότε</em></strong></span> <span class='ocrx_word' id='word_1_244' title='bbox 1063 3294 1238 3378; x_wconf 84' lang='grc' dir='ltr'><strong><em>συμβάντα</em></strong></span> <span class='ocrx_word' id='word_1_245' title='bbox 1260 3293 1455 3379; x_wconf 70' lang='grc' dir='ltr'><strong><em>διεξελθὼν,</em></strong></span> 
     </span>
     <span class='ocr_line' id='line_1_48' title="bbox 913 3394 1461 3485; baseline 0 -23"><span class='ocrx_word' id='word_1_246' title='bbox 913 3394 1098 3479; x_wconf 68' lang='grc' dir='ltr'><strong><em>διεξελθὼν</em></strong></span> <span class='ocrx_word' id='word_1_247' title='bbox 1108 3402 1126 3483; x_wconf 86' lang='grc'><strong><em>1)</em></strong></span> <span class='ocrx_word' id='word_1_248' title='bbox 1145 3397 1181 3464; x_wconf 81' lang='grc' dir='ltr'><strong><em>δὲ</em></strong></span> <span class='ocrx_word' id='word_1_249' title='bbox 1196 3395 1273 3476; x_wconf 85' lang='grc' dir='ltr'><strong><em>τοὺς</em></strong></span> <span class='ocrx_word' id='word_1_250' title='bbox 1289 3397 1461 3485; x_wconf 73' lang='grc' dir='ltr'><strong><em>ῥηθέντας</em></strong></span> 
     </span>
    </p>
   </div>
   <div class='ocr_carea' id='block_1_12' title="bbox 912 3503 982 3566">
    <p class='ocr_par' dir='ltr' id='par_1_20' title="bbox 912 3503 982 3566">
     <span class='ocr_line' id='line_1_49' title="bbox 912 3503 982 3566; baseline -0.057 0"><span class='ocrx_word' id='word_1_251' title='bbox 912 3503 982 3566; x_wconf 85' lang='grc' dir='ltr'><strong><em>κτλ.</em></strong></span> 
     </span>
    </p>
   </div>
   <div class='ocr_carea' id='block_1_13' title="bbox 914 3709 1220 3793">
    <p class='ocr_par' dir='ltr' id='par_1_21' title="bbox 914 3709 1220 3793">
     <span class='ocr_line' id='line_1_50' title="bbox 914 3709 1220 3793; baseline 0.003 -23"><span class='ocrx_word' id='word_1_252' title='bbox 914 3709 1029 3772; x_wconf 82' lang='grc' dir='ltr'><strong><em>πολλῶ</em></strong></span> <span class='ocrx_word' id='word_1_253' title='bbox 1053 3713 1220 3793; x_wconf 85' lang='grc' dir='ltr'><strong><em>νεωτέρας</em></strong></span> 
     </span>
    </p>
   </div>
   <div class='ocr_carea' id='block_1_14' title="bbox 915 4009 1470 4099">
    <p class='ocr_par' dir='ltr' id='par_1_22' title="bbox 915 4009 1470 4099">
     <span class='ocr_line' id='line_1_51' title="bbox 915 4009 1470 4099; baseline 0 -21"><span class='ocrx_word' id='word_1_254' title='bbox 915 4009 1050 4096; x_wconf 83' lang='grc' dir='ltr'><strong><em>ἀσεβεῖν</em></strong></span> <span class='ocrx_word' id='word_1_255' title='bbox 1088 4009 1257 4099; x_wconf 81' lang='grc' dir='ltr'><strong><em>ὁμολογῶ·</em></strong></span> <span class='ocrx_word' id='word_1_256' title='bbox 1298 4015 1355 4077; x_wconf 87' lang='grc' dir='ltr'><strong><em>καὶ</em></strong></span> <span class='ocrx_word' id='word_1_257' title='bbox 1392 4013 1470 4097; x_wconf 83' lang='grc' dir='ltr'><strong><em>εἲγε·</em></strong></span> 
     </span>
    </p>
   </div>
   <div class='ocr_carea' id='block_1_15' title="bbox 0 0 1636 5146">
    <p class='ocr_par' dir='ltr' id='par_1_23' title="bbox 0 0 1636 5146">
     <span class='ocr_line' id='line_1_52' title="bbox 0 0 1636 5146; baseline 0 0"><span class='ocrx_word' id='word_1_258' title='bbox 0 0 1636 5146; x_wconf 95' lang='lat' dir='ltr'><strong><em> </em></strong></span> 
     </span>
    </p>
   </div>
  </div>
 </body>
</html>
